@inproceedings{GiarrussoRS19,
  author    = {Paolo G. Giarrusso and
               Yann R{\'{e}}gis{-}Gianas and
               Philipp Schuster},
  title     = {Incremental {\textbackslash}lambda -Calculus in Cache-Transfer Style
               - Static Memoization by Program Transformation},
  booktitle = {Programming Languages and Systems - 28th European Symposium on Programming,
               {ESOP} 2019, Held as Part of the European Joint Conferences on Theory
               and Practice of Software, {ETAPS} 2019, Prague, Czech Republic, April
               6-11, 2019, Proceedings},
  pages     = {553--580},
  year      = {2019},
  crossref  = {DBLP:conf/esop/2019},
  url       = {https://doi.org/10.1007/978-3-030-17184-1\_20},
  doi       = {10.1007/978-3-030-17184-1\_20},
  timestamp = {Fri, 31 Jan 2020 21:32:28 +0100},
  biburl    = {https://dblp.org/rec/conf/esop/GiarrussoRS19.bib},
  bibsource = {dblp computer science bibliography, https://dblp.org}
}

@proceedings{DBLP:conf/esop/2019,
  editor    = {Lu{\'{\i}}s Caires},
  title     = {Programming Languages and Systems - 28th European Symposium on Programming,
               {ESOP} 2019, Held as Part of the European Joint Conferences on Theory
               and Practice of Software, {ETAPS} 2019, Prague, Czech Republic, April
               6-11, 2019, Proceedings},
  series    = {Lecture Notes in Computer Science},
  volume    = {11423},
  publisher = {Springer},
  year      = {2019},
  url       = {https://doi.org/10.1007/978-3-030-17184-1},
  doi       = {10.1007/978-3-030-17184-1},
  isbn      = {978-3-030-17183-4},
  timestamp = {Fri, 05 Nov 2021 04:09:59 +0100},
  biburl    = {https://dblp.org/rec/conf/esop/2019.bib},
  bibsource = {dblp computer science bibliography, https://dblp.org}
}



@inproceedings{CaiGRO14,
  author    = {Yufei Cai and
               Paolo G. Giarrusso and
               Tillmann Rendel and
               Klaus Ostermann},
  title     = {A theory of changes for higher-order languages: incrementalizing {\(\lambda\)}-calculi
               by static differentiation},
  booktitle = {{ACM} {SIGPLAN} Conference on Programming Language Design and Implementation,
               {PLDI} '14, Edinburgh, United Kingdom - June 09 - 11, 2014},
  pages     = {145--155},
  year      = {2014},
  crossref  = {DBLP:conf/pldi/2014},
  url       = {https://doi.org/10.1145/2594291.2594304},
  doi       = {10.1145/2594291.2594304},
  timestamp = {Thu, 24 Jun 2021 16:19:30 +0200},
  biburl    = {https://dblp.org/rec/conf/pldi/CaiGRO14.bib},
  bibsource = {dblp computer science bibliography, https://dblp.org}
}



@InCollection{SubstracturalTypeSystems,
  author =       {David Walker},
  title =        {Substractural Type Systems},
  booktitle =    {Advanced Topics in Types and Programming Languages},
  publisher = {{MIT} Press},
  year =      2004,
  editor =    {Benjamin C. Pierce},
  pages =     {3--43},
  month =     12}

@inproceedings{Paterson12,
  author    = {Ross Paterson},
  title     = {Constructing Applicative Functors},
  booktitle = {MPC},
  pages     = {300--323},
  year      = {2012},
  crossref  = {DBLP:conf/mpc/2012},
  url       = {http://dx.doi.org/10.1007/978-3-642-31113-0_15},
  doi       = {10.1007/978-3-642-31113-0_15},
  timestamp = {Thu, 21 Jun 2012 14:59:01 +0200},
  biburl    = {http://dblp.uni-trier.de/rec/bib/conf/mpc/Paterson12},
  bibsource = {dblp computer science bibliography, http://dblp.org}
}

@proceedings{DBLP:conf/mpc/2012,
  editor    = {Jeremy Gibbons and
               Pablo Nogueira},
  title     = {Mathematics of Program Construction - 11th International Conference,
               {MPC} 2012, Madrid, Spain, June 25-27, 2012. Proceedings},
  booktitle = {MPC}, 
  series    = {Lecture Notes in Computer Science},
  volume    = {7342},
  publisher = {Springer},
  year      = {2012},
  url       = {http://dx.doi.org/10.1007/978-3-642-31113-0},
  doi       = {10.1007/978-3-642-31113-0},
  isbn      = {978-3-642-31112-3},
  timestamp = {Thu, 21 Jun 2012 14:57:57 +0200},
  biburl    = {http://dblp.uni-trier.de/rec/bib/conf/mpc/2012},
  bibsource = {dblp computer science bibliography, http://dblp.org}
}


@Book{MacLane,
  author =    {Mac Lane, Saunders},
  title =        {Categories for the Working Mathematician},
  publisher =    {Springer},
  year =         1998,
  volume =    5,
  series =    {Graduate Texts in Matheematics},
  edition =   {Second Edition}}


@Inbook{Gibbons2002,
author="Gibbons, Jeremy",
editor="Backhouse, Roland
and Crole, Roy
and Gibbons, Jeremy",
title="Calculating Functional Programs",
bookTitle="Algebraic and Coalgebraic Methods in the Mathematics of Program Construction: International Summer School and Workshop Oxford, UK, April 10--14, 2000 Revised Lectures",
year="2002",
publisher="Springer Berlin Heidelberg",
address="Berlin, Heidelberg",
pages="151--203",
abstract="Functional programs are merely equations; they may be manipulated by straightforward equational reasoning. In particular, one can use this style of reasoning to calculate programs, in the same way that one calculates numeric values in arithmetic. Many useful theorems for such reasoning derive from an algebraic view of programs, built around datatypes and their operations. Traditional algebraic methods concentrate on initial algebras, constructors, and values; dual co-algebraic methods concentrate on final co-algebras, destructors, and processes. Both methods are elegant and powerful; they deserve to be combined.",
isbn="978-3-540-47797-6",
doi="10.1007/3-540-47797-7_5",
url="https://doi.org/10.1007/3-540-47797-7_5"
}

@inproceedings{LaunchburyJ94,
  author    = {John Launchbury and
               Simon L. Peyton Jones},
  title     = {Lazy Functional State Threads},
  booktitle = {Proceedings of the {ACM} SIGPLAN'94 Conference on Programming Language
               Design and Implementation (PLDI), Orlando, Florida, USA, June 20-24,
               1994},
  pages     = {24--35},
  year      = {1994},
  crossref  = {DBLP:conf/pldi/1994},
  url       = {https://doi.org/10.1145/178243.178246},
  doi       = {10.1145/178243.178246},
  timestamp = {Tue, 06 Nov 2018 16:59:30 +0100},
  biburl    = {https://dblp.org/rec/conf/pldi/LaunchburyJ94.bib},
  bibsource = {dblp computer science bibliography, https://dblp.org}
}

@proceedings{DBLP:conf/pldi/1994,
  editor    = {Vivek Sarkar and
               Barbara G. Ryder and
               Mary Lou Soffa},
  title     = {Proceedings of the {ACM} SIGPLAN'94 Conference on Programming Language
               Design and Implementation (PLDI), Orlando, Florida, USA, June 20-24,
               1994},
  publisher = {{ACM}},
  year      = {1994},
  url       = {http://dl.acm.org/citation.cfm?id=178243},
  isbn      = {0-89791-662-X},
  timestamp = {Mon, 21 May 2012 16:19:52 +0200},
  biburl    = {https://dblp.org/rec/conf/pldi/1994.bib},
  bibsource = {dblp computer science bibliography, https://dblp.org}
}



@Misc{PersonalCommunicationAboutJacobsen18,
  author =    {Michael Kirkedal Thomsen},
  howpublished = {Personal communication},
  month =     {Jun},
  year =      2020}

@inproceedings{Jacobsen18,
  author    = {Petur Andrias H{\o}jgaard Jacobsen and
               Robin Kaarsgaard and
               Michael Kirkedal Thomsen},
  editor    = {Jarkko Kari and
               Irek Ulidowski},
  title     = {{\textbackslash}mathsf CoreFun : {A} Typed Functional Reversible Core
               Language},
  booktitle = {Reversible Computation - 10th International Conference, {RC} 2018,
               Leicester, UK, September 12-14, 2018, Proceedings},
  series    = {Lecture Notes in Computer Science},
  volume    = {11106},
  pages     = {304--321},
  publisher = {Springer},
  year      = {2018},
  url       = {https://doi.org/10.1007/978-3-319-99498-7\_21},
  doi       = {10.1007/978-3-319-99498-7\_21},
  timestamp = {Wed, 25 Sep 2019 18:10:54 +0200},
  biburl    = {https://dblp.org/rec/conf/rc/JacobsenKT18.bib},
  bibsource = {dblp computer science bibliography, https://dblp.org}
}

@article{WANG20132216,
title = "Refactoring pattern matching",
journal = "Science of Computer Programming",
volume = "78",
number = "11",
pages = "2216 - 2242",
year = "2013",
note = "Special section on Mathematics of Program Construction (MPC 2010) and Special section on methodological development of interactive systems from Interaccion 2011",
issn = "0167-6423",
doi = "https://doi.org/10.1016/j.scico.2012.07.014",
url = "http://www.sciencedirect.com/science/article/pii/S0167642312001426",
author = "Meng Wang and Jeremy Gibbons and Kazutaka Matsuda and Zhenjiang Hu",
keywords = "Functional programming, Refactoring, Pattern matching, Invertible programming, Abstract datatypes, Fusion",
abstract = "Defining functions by pattern matching over the arguments is advantageous for understanding and reasoning, but it tends to expose the implementation of a datatype. Significant effort has been invested in tackling this loss of modularity; however, decoupling patterns from concrete representations while maintaining soundness of reasoning has been a challenge. Inspired by the development of invertible programming, we propose an approach to program refactoring based on a right-invertible language rinvâevery function has a right (or pre-) inverse. We show how this new design is able to permit a smooth incremental transition from programs with algebraic datatypes and pattern matching, to ones with proper encapsulation, while maintaining simple and sound reasoning."
}

@article{VytiniotisJSS11,
  author    = {Dimitrios Vytiniotis and
               Simon L. {Peyton Jones} and
               Tom Schrijvers and
               Martin Sulzmann},
  title     = {OutsideIn(X) Modular type inference with local assumptions},
  journal   = {J. Funct. Program.},
  volume    = {21},
  number    = {4-5},
  pages     = {333--412},
  year      = {2011},
  url       = {https://doi.org/10.1017/S0956796811000098},
  doi       = {10.1017/S0956796811000098},
  timestamp = {Fri, 30 Nov 2018 13:26:43 +0100},
  biburl    = {https://dblp.org/rec/bib/journals/jfp/VytiniotisJSS11},
  bibsource = {dblp computer science bibliography, https://dblp.org}
}

@article{Reynolds98a,
  author    = {John C. Reynolds},
  title     = {Definitional Interpreters for Higher-Order Programming Languages},
  journal   = {Higher-Order and Symbolic Computation},
  volume    = {11},
  number    = {4},
  pages     = {363--397},
  year      = {1998},
  url       = {https://doi.org/10.1023/A:1010027404223},
  doi       = {10.1023/A:1010027404223},
  timestamp = {Wed, 14 Nov 2018 10:48:31 +0100},
  biburl    = {https://dblp.org/rec/journals/lisp/Reynolds98a.bib},
  bibsource = {dblp computer science bibliography, https://dblp.org}
}

@inproceedings{AltenkirchCU10,
  author    = {Thorsten Altenkirch and
               James Chapman and
               Tarmo Uustalu},
  title     = {Monads Need Not Be Endofunctors},
  booktitle = {Foundations of Software Science and Computational Structures, 13th
               International Conference, {FOSSACS} 2010, Held as Part of the Joint
               European Conferences on Theory and Practice of Software, {ETAPS} 2010,
               Paphos, Cyprus, March 20-28, 2010. Proceedings},
  pages     = {297--311},
  year      = {2010},
  crossref  = {DBLP:conf/fossacs/2010},
  url       = {https://doi.org/10.1007/978-3-642-12032-9\_21},
  doi       = {10.1007/978-3-642-12032-9\_21},
  timestamp = {Sun, 02 Jun 2019 21:12:59 +0200},
  biburl    = {https://dblp.org/rec/conf/fossacs/AltenkirchCU10.bib},
  bibsource = {dblp computer science bibliography, https://dblp.org}
}

@proceedings{DBLP:conf/fossacs/2010,
  editor    = {C.{-}H. Luke Ong},
  title     = {Foundations of Software Science and Computational Structures, 13th
               International Conference, {FOSSACS} 2010, Held as Part of the Joint
               European Conferences on Theory and Practice of Software, {ETAPS} 2010,
               Paphos, Cyprus, March 20-28, 2010. Proceedings},
  series    = {Lecture Notes in Computer Science},
  volume    = {6014},
  publisher = {Springer},
  year      = {2010},
  url       = {https://doi.org/10.1007/978-3-642-12032-9},
  doi       = {10.1007/978-3-642-12032-9},
  isbn      = {978-3-642-12031-2},
  timestamp = {Tue, 14 May 2019 10:00:55 +0200},
  biburl    = {https://dblp.org/rec/conf/fossacs/2010.bib},
  bibsource = {dblp computer science bibliography, https://dblp.org}
}



@article{YokoyamaAG12,
  author    = {Tetsuo Yokoyama and
               Holger Bock Axelsen and
               Robert Gl{\"{u}}ck},
  title     = {Optimizing Reversible Simulation of Injective Functions},
  journal   = {Multiple-Valued Logic and Soft Computing},
  volume    = {18},
  number    = {1},
  pages     = {5--24},
  year      = {2012},
  url       = {http://www.oldcitypublishing.com/journals/mvlsc-home/mvlsc-issue-contents/mvlsc-volume-18-number-1-2012/mvlsc-18-1-p-5-24/},
  timestamp = {Thu, 07 Dec 2017 14:01:21 +0100},
  biburl    = {https://dblp.org/rec/journals/mvl/YokoyamaAG12.bib},
  bibsource = {dblp computer science bibliography, https://dblp.org}
}

@inproceedings{AxelsenGY07,
  author    = {Holger Bock Axelsen and
               Robert Gl{\"{u}}ck and
               Tetsuo Yokoyama},
  title     = {Reversible Machine Code and Its Abstract Processor Architecture},
  booktitle = {Computer Science - Theory and Applications, Second International Symposium
               on Computer Science in Russia, {CSR} 2007, Ekaterinburg, Russia, September
               3-7, 2007, Proceedings},
  pages     = {56--69},
  year      = {2007},
  crossref  = {DBLP:conf/csr/2007},
  url       = {https://doi.org/10.1007/978-3-540-74510-5\_9},
  doi       = {10.1007/978-3-540-74510-5\_9},
  timestamp = {Sun, 02 Jun 2019 21:21:52 +0200},
  biburl    = {https://dblp.org/rec/conf/csr/AxelsenGY07.bib},
  bibsource = {dblp computer science bibliography, https://dblp.org}
}

@proceedings{DBLP:conf/csr/2007,
  editor    = {Volker Diekert and
               Mikhail V. Volkov and
               Andrei Voronkov},
  title     = {Computer Science - Theory and Applications, Second International Symposium
               on Computer Science in Russia, {CSR} 2007, Ekaterinburg, Russia, September
               3-7, 2007, Proceedings},
  series    = {Lecture Notes in Computer Science},
  volume    = {4649},
  publisher = {Springer},
  year      = {2007},
  url       = {https://doi.org/10.1007/978-3-540-74510-5},
  doi       = {10.1007/978-3-540-74510-5},
  isbn      = {978-3-540-74509-9},
  timestamp = {Sun, 02 Jun 2019 21:21:52 +0200},
  biburl    = {https://dblp.org/rec/conf/csr/2007.bib},
  bibsource = {dblp computer science bibliography, https://dblp.org}
}


@article{GluckY16, 
  title={A Linear-Time Self-Interpreter of a Reversible Imperative Language},
  author={Robert Gl{\"{u}}ck and Tetsuo Yokoyama},
  journal={Computer Software},
  volume={33},
  number={3},
  pages={3\_108--3\_128},
  year={2016},
  doi={10.11309/jssst.33.3_108}
}

@article{GluckY19,
  author    = {Robert Gl{\"{u}}ck and
               Tetsuo Yokoyama},
  title     = {Constructing a binary tree from its traversals by reversible recursion
               and iteration},
  journal   = {Inf. Process. Lett.},
  volume    = {147},
  pages     = {32--37},
  year      = {2019},
  url       = {https://doi.org/10.1016/j.ipl.2019.03.002},
  doi       = {10.1016/j.ipl.2019.03.002},
  timestamp = {Wed, 25 Sep 2019 18:00:14 +0200},
  biburl    = {https://dblp.org/rec/journals/ipl/GluckY19.bib},
  bibsource = {dblp computer science bibliography, https://dblp.org}
}

@inproceedings{AbelC14,
  author    = {Andreas Abel and
               James Chapman},
  title     = {Normalization by Evaluation in the Delay Monad: {A} Case Study for
               Coinduction via Copatterns and Sized Types},
  booktitle = {Proceedings 5th Workshop on Mathematically Structured Functional Programming,
               MSFP@ETAPS 2014, Grenoble, France, 12 April 2014},
  pages     = {51--67},
  year      = {2014},
  crossref  = {DBLP:journals/corr/LevyK14},
  url       = {https://doi.org/10.4204/EPTCS.153.4},
  doi       = {10.4204/EPTCS.153.4},
  timestamp = {Wed, 12 Sep 2018 01:05:13 +0200},
  biburl    = {https://dblp.org/rec/journals/corr/AbelC14.bib},
  bibsource = {dblp computer science bibliography, https://dblp.org}
}

@proceedings{DBLP:journals/corr/LevyK14,
  editor    = {Paul Levy and
               Neel Krishnaswami},
  title     = {Proceedings 5th Workshop on Mathematically Structured Functional Programming,
               MSFP@ETAPS 2014, Grenoble, France, 12 April 2014},
  series    = {{EPTCS}},
  volume    = {153},
  year      = {2014},
  url       = {https://doi.org/10.4204/EPTCS.153},
  doi       = {10.4204/EPTCS.153},
  timestamp = {Wed, 12 Sep 2018 01:05:13 +0200},
  biburl    = {https://dblp.org/rec/journals/corr/LevyK14.bib},
  bibsource = {dblp computer science bibliography, https://dblp.org}
}



@article{Capretta05,
  author    = {Venanzio Capretta},
  title     = {General recursion via coinductive types},
  journal   = {Logical Methods in Computer Science},
  volume    = {1},
  number    = {2},
  year      = {2005},
  url       = {https://doi.org/10.2168/LMCS-1(2:1)2005},
  doi       = {10.2168/LMCS-1(2:1)2005},
  timestamp = {Tue, 14 May 2019 16:31:27 +0200},
  biburl    = {https://dblp.org/rec/journals/lmcs/Capretta05.bib},
  bibsource = {dblp computer science bibliography, https://dblp.org}
}





@inproceedings{Matsuda20,
  author    = {Kazutaka Matsuda},
  title     = {Modular Inference of Linear Types for Multiplicity-Annotated Arrows},
  booktitle = {Programming Languages and Systems - 29th European Symposium on Programming,
               {ESOP} 2020, Held as Part of the European Joint Conferences on Theory
               and Practice of Software, {ETAPS} 2020, Dublin, Ireland, April 25-30,
               2020, Proceedings},
  pages     = {456--483},
  year      = {2020},
  crossref  = {DBLP:conf/esop/2020},
  url       = {https://doi.org/10.1007/978-3-030-44914-8\_17},
  doi       = {10.1007/978-3-030-44914-8\_17},
  timestamp = {Mon, 04 May 2020 13:23:23 +0200},
  biburl    = {https://dblp.org/rec/conf/esop/Matsuda20.bib},
  bibsource = {dblp computer science bibliography, https://dblp.org}, 
  note =      {The full version is available on: \url{http://arxiv.org/abs/1911.00268v2}}
}

@proceedings{DBLP:conf/esop/2020,
  editor    = {Peter M{\"{u}}ller},
  title     = {Programming Languages and Systems - 29th European Symposium on Programming,
               {ESOP} 2020, Held as Part of the European Joint Conferences on Theory
               and Practice of Software, {ETAPS} 2020, Dublin, Ireland, April 25-30,
               2020, Proceedings},
  series    = {Lecture Notes in Computer Science},
  volume    = {12075},
  publisher = {Springer},
  year      = {2020},
  url       = {https://doi.org/10.1007/978-3-030-44914-8},
  doi       = {10.1007/978-3-030-44914-8},
  isbn      = {978-3-030-44913-1},
  timestamp = {Mon, 20 Apr 2020 16:30:19 +0200},
  biburl    = {https://dblp.org/rec/conf/esop/2020.bib},
  bibsource = {dblp computer science bibliography, https://dblp.org}
}



@Comment Misc{Matsuda20,
@Comment   author =    {Kazutaka Matsuda},
@Comment   title =     {Modular Inference of Linear Types for Multiplicity-Annotated Arrows},
@Comment   howpublished = {to appear in {ESOP} 2020},
@Comment   year =      2020,
@Comment   note =      {The full version is available on: \url{http://arxiv.org/abs/1911.00268v2}}}

@Comment article{Matsuda20,
@Comment   author    = {Kazutaka Matsuda},
@Comment   title     = {Modular Inference of Linear Types for Multiplicity-Annotated Arrows},
@Comment   journal   = {CoRR},
@Comment   volume    = {abs/1911.00268v2},
@Comment   year      = {2020},
@Comment   url       = {http://arxiv.org/abs/1911.00268},
@Comment   archivePrefix = {arXiv},
@Comment   eprint    = {1911.00268v2},
@Comment   timestamp = {Mon, 11 Nov 2019 18:38:09 +0100},
@Comment   biburl    = {https://dblp.org/rec/bib/journals/corr/abs-1911-00268},
@Comment   bibsource = {dblp computer science bibliography, https://dblp.org}, 
@Comment   note      = {to appear in {ESOP} 2020}
@Comment }


@inproceedings{Davies96,
  author    = {Rowan Davies},
  title     = {A Temporal-Logic Approach to Binding-Time Analysis},
  booktitle = {Proceedings, 11th Annual {IEEE} Symposium on Logic in Computer Science,
               New Brunswick, New Jersey, USA, July 27-30, 1996},
  pages     = {184--195},
  year      = {1996},
  crossref  = {DBLP:conf/lics/1996},
  url       = {https://doi.org/10.1109/LICS.1996.561317},
  doi       = {10.1109/LICS.1996.561317},
  timestamp = {Thu, 25 May 2017 00:42:41 +0200},
  biburl    = {https://dblp.org/rec/bib/conf/lics/Davies96},
  bibsource = {dblp computer science bibliography, https://dblp.org}
}

@proceedings{DBLP:conf/lics/1996,
  title     = {Proceedings, 11th Annual {IEEE} Symposium on Logic in Computer Science,
               New Brunswick, New Jersey, USA, July 27-30, 1996},
  publisher = {{IEEE} Computer Society},
  year      = {1996},
  url       = {http://ieeexplore.ieee.org/xpl/mostRecentIssue.jsp?punumber=4265},
  isbn      = {0-8186-7463-6},
  timestamp = {Fri, 21 Nov 2014 14:08:55 +0100},
  biburl    = {https://dblp.org/rec/bib/conf/lics/1996},
  bibsource = {dblp computer science bibliography, https://dblp.org}
}



@inproceedings{Mogensen08,
  author    = {Torben {\AE}. Mogensen},
  title     = {Semi-inversion of functional parameters},
  booktitle = {Proceedings of the 2008 {ACM} {SIGPLAN} Symposium on Partial Evaluation
               and Semantics-based Program Manipulation, {PEPM} 2008, San Francisco,
               California, USA, January 7-8, 2008},
  pages     = {21--29},
  year      = {2008},
  crossref  = {DBLP:conf/pepm/2008},
  url       = {https://doi.org/10.1145/1328408.1328413},
  doi       = {10.1145/1328408.1328413},
  timestamp = {Tue, 06 Nov 2018 16:57:57 +0100},
  biburl    = {https://dblp.org/rec/bib/conf/pepm/Mogensen08},
  bibsource = {dblp computer science bibliography, https://dblp.org}
}

@proceedings{DBLP:conf/pepm/2008,
  editor    = {Robert Gl{\"{u}}ck and
               Oege de Moor},
  title     = {Proceedings of the 2008 {ACM} {SIGPLAN} Symposium on Partial Evaluation
               and Semantics-based Program Manipulation, {PEPM} 2008, San Francisco,
               California, USA, January 7-8, 2008},
  publisher = {{ACM}},
  year      = {2008},
  url       = {http://dl.acm.org/citation.cfm?id=1328408},
  isbn      = {978-1-59593-977-7},
  timestamp = {Tue, 22 May 2012 15:24:56 +0200},
  biburl    = {https://dblp.org/rec/bib/conf/pepm/2008},
  bibsource = {dblp computer science bibliography, https://dblp.org}
}


@inproceedings{LampropoulosGHHPX17,
  author    = {Leonidas Lampropoulos and
               Diane Gallois{-}Wong and
               Catalin Hritcu and
               John Hughes and
               Benjamin C. Pierce and
               Li{-}yao Xia},
  title     = {Beginner's luck: a language for property-based generators},
  booktitle = {Proceedings of the 44th {ACM} {SIGPLAN} Symposium on Principles of
               Programming Languages, {POPL} 2017, Paris, France, January 18-20,
               2017},
  pages     = {114--129},
  year      = {2017},
  crossref  = {DBLP:conf/popl/2017},
  url       = {http://dl.acm.org/citation.cfm?id=3009868},
  timestamp = {Tue, 06 Nov 2018 11:07:42 +0100},
  biburl    = {https://dblp.org/rec/bib/conf/popl/LampropoulosGHH17},
  bibsource = {dblp computer science bibliography, https://dblp.org}
}


@inproceedings{JamesS12,
  author    = {Roshan P. James and
               Amr Sabry},
  title     = {Information effects},
  booktitle = {Proceedings of the 39th {ACM} {SIGPLAN-SIGACT} Symposium on Principles
               of Programming Languages, {POPL} 2012, Philadelphia, Pennsylvania,
               USA, January 22-28, 2012},
  pages     = {73--84},
  year      = {2012},
  crossref  = {DBLP:conf/popl/2012},
  url       = {https://doi.org/10.1145/2103656.2103667},
  doi       = {10.1145/2103656.2103667},
  timestamp = {Tue, 06 Nov 2018 11:07:42 +0100},
  biburl    = {https://dblp.org/rec/bib/conf/popl/JamesS12},
  bibsource = {dblp computer science bibliography, https://dblp.org}
}

@proceedings{DBLP:conf/popl/2012,
  editor    = {John Field and
               Michael Hicks},
  title     = {Proceedings of the 39th {ACM} {SIGPLAN-SIGACT} Symposium on Principles
               of Programming Languages, {POPL} 2012, Philadelphia, Pennsylvania,
               USA, January 22-28, 2012},
  publisher = {{ACM}},
  year      = {2012},
  url       = {http://dl.acm.org/citation.cfm?id=2103656},
  isbn      = {978-1-4503-1083-3},
  timestamp = {Sun, 03 Dec 2017 00:17:33 +0100},
  biburl    = {https://dblp.org/rec/bib/conf/popl/2012},
  bibsource = {dblp computer science bibliography, https://dblp.org}
}



@article{MorihataKHT12,
  author    = {Akimasa Morihata and
               Kazuhiko Kakehi and
               Zhenjiang Hu and
               Masato Takeichi},
  title     = {Manipulating accumulative functions by swapping call-time and return-time
               computations},
  journal   = {J. Funct. Program.},
  volume    = {22},
  number    = {3},
  pages     = {275--299},
  year      = {2012},
  url       = {https://doi.org/10.1017/S0956796812000111},
  doi       = {10.1017/S0956796812000111},
  timestamp = {Sat, 27 May 2017 14:24:34 +0200},
  biburl    = {https://dblp.org/rec/bib/journals/jfp/MorihataKHT12},
  bibsource = {dblp computer science bibliography, https://dblp.org}
}

@book{NielsonNielson1992, 
place={Cambridge}, 
series={Cambridge Tracts in Theoretical Computer Science}, 
title={Two-Level Functional Languages}, 
DOI={10.1017/CBO9780511526572}, 
publisher={Cambridge University Press}, 
author={Nielson, Flemming and Nielson, Hanne Riis}, 
year=1992, 
collection={Cambridge Tracts in Theoretical Computer Science}
}

@article{AntoyEH00,
  author    = {Sergio Antoy and
               Rachid Echahed and
               Michael Hanus},
  title     = {A needed narrowing strategy},
  journal   = {J. {ACM}},
  volume    = {47},
  number    = {4},
  pages     = {776--822},
  year      = {2000},
  url       = {https://doi.org/10.1145/347476.347484},
  doi       = {10.1145/347476.347484},
  timestamp = {Wed, 14 Nov 2018 10:35:26 +0100},
  biburl    = {https://dblp.org/rec/bib/journals/jacm/AntoyEH00},
  bibsource = {dblp computer science bibliography, https://dblp.org}
}
@inproceedings{Almendros-JimenezV06,
  author    = {Jes{\'{u}}s Manuel Almendros{-}Jim{\'{e}}nez and
               Germ{\'{a}}n Vidal},
  title     = {Automatic Partial Inversion of Inductively Sequential Functions},
  booktitle = {Implementation and Application of Functional Languages, 18th International
               Symp osium, {IFL} 2006, Budapest, Hungary, September 4-6, 2006, Revised
               Selected Papers},
  pages     = {253--270},
  year      = {2006},
  crossref  = {DBLP:conf/ifl/2006},
  url       = {https://doi.org/10.1007/978-3-540-74130-5\_15},
  doi       = {10.1007/978-3-540-74130-5\_15},
  timestamp = {Tue, 14 May 2019 10:00:35 +0200},
  biburl    = {https://dblp.org/rec/bib/conf/ifl/Almendros-JimenezV06},
  bibsource = {dblp computer science bibliography, https://dblp.org}
}

@proceedings{DBLP:conf/ifl/2006,
  editor    = {Zolt{\'{a}}n Horv{\'{a}}th and
               Vikt{\'{o}}ria Zs{\'{o}}k and
               Andrew Butterfield},
  title     = {Implementation and Application of Functional Languages, 18th International
               Symp osium, {IFL} 2006, Budapest, Hungary, September 4-6, 2006, Revised
               Selected Papers},
  series    = {Lecture Notes in Computer Science},
  volume    = {4449},
  publisher = {Springer},
  year      = {2007},
  url       = {https://doi.org/10.1007/978-3-540-74130-5},
  doi       = {10.1007/978-3-540-74130-5},
  isbn      = {978-3-540-74129-9},
  timestamp = {Tue, 14 May 2019 10:00:35 +0200},
  biburl    = {https://dblp.org/rec/bib/conf/ifl/2006},
  bibsource = {dblp computer science bibliography, https://dblp.org}
}



@book{QualifiedTypes,
 author = {Jones, Mark P.},
 title = {Qualified Types: Theory and Practice},
 year = {1995},
 isbn = {0-521-47253-9},
 publisher = {Cambridge University Press},
 address = {New York, NY, USA},
} 

@inproceedings{DolanM17,
  author    = {Stephen Dolan and
               Alan Mycroft},
  title     = {Polymorphism, subtyping, and type inference in MLsub},
  booktitle = {Proceedings of the 44th {ACM} {SIGPLAN} Symposium on Principles of
               Programming Languages, {POPL} 2017, Paris, France, January 18-20,
               2017},
  pages     = {60--72},
  year      = {2017},
  crossref  = {DBLP:conf/popl/2017},
  url       = {http://dl.acm.org/citation.cfm?id=3009882},
  timestamp = {Tue, 06 Nov 2018 11:07:42 +0100},
  biburl    = {https://dblp.org/rec/bib/conf/popl/DolanM17},
  bibsource = {dblp computer science bibliography, https://dblp.org}
}

@proceedings{DBLP:conf/popl/2017,
  editor    = {Giuseppe Castagna and
               Andrew D. Gordon},
  title     = {Proceedings of the 44th {ACM} {SIGPLAN} Symposium on Principles of
               Programming Languages, {POPL} 2017, Paris, France, January 18-20,
               2017},
  publisher = {{ACM}},
  year      = {2017},
  url       = {https://doi.org/10.1145/3009837},
  doi       = {10.1145/3009837},
  isbn      = {978-1-4503-4660-3},
  timestamp = {Tue, 06 Nov 2018 11:07:42 +0100},
  biburl    = {https://dblp.org/rec/bib/conf/popl/2017},
  bibsource = {dblp computer science bibliography, https://dblp.org}
}


@inproceedings{ZhaoZZ10,
  author    = {Jianzhou Zhao and
               Qi Zhang and
               Steve Zdancewic},
  title     = {Relational Parametricity for a Polymorphic Linear Lambda Calculus},
  booktitle = {Programming Languages and Systems - 8th Asian Symposium, {APLAS} 2010,
               Shanghai, China, November 28 - December 1, 2010. Proceedings},
  pages     = {344--359},
  year      = {2010},
  crossref  = {DBLP:conf/aplas/2010},
  url       = {https://doi.org/10.1007/978-3-642-17164-2\_24},
  doi       = {10.1007/978-3-642-17164-2\_24},
  timestamp = {Fri, 19 May 2017 01:25:54 +0200},
  biburl    = {https://dblp.org/rec/bib/conf/aplas/ZhaoZZ10},
  bibsource = {dblp computer science bibliography, https://dblp.org}
}

@proceedings{DBLP:conf/aplas/2010,
  editor    = {Kazunori Ueda},
  title     = {Programming Languages and Systems - 8th Asian Symposium, {APLAS} 2010,
               Shanghai, China, November 28 - December 1, 2010. Proceedings},
  series    = {Lecture Notes in Computer Science},
  volume    = {6461},
  publisher = {Springer},
  year      = {2010},
  url       = {https://doi.org/10.1007/978-3-642-17164-2},
  doi       = {10.1007/978-3-642-17164-2},
  isbn      = {978-3-642-17163-5},
  timestamp = {Fri, 19 May 2017 01:25:54 +0200},
  biburl    = {https://dblp.org/rec/bib/conf/aplas/2010},
  bibsource = {dblp computer science bibliography, https://dblp.org}
}



@inproceedings{RondonKJ08,
  author    = {Patrick Maxim Rondon and
               Ming Kawaguchi and
               Ranjit Jhala},
  title     = {Liquid types},
  booktitle = {Proceedings of the {ACM} {SIGPLAN} 2008 Conference on Programming
               Language Design and Implementation, Tucson, AZ, USA, June 7-13, 2008},
  pages     = {159--169},
  year      = {2008},
  crossref  = {DBLP:conf/pldi/2008},
  url       = {https://doi.org/10.1145/1375581.1375602},
  doi       = {10.1145/1375581.1375602},
  timestamp = {Tue, 06 Nov 2018 16:59:30 +0100},
  biburl    = {https://dblp.org/rec/bib/conf/pldi/RondonKJ08},
  bibsource = {dblp computer science bibliography, https://dblp.org}
}

@proceedings{DBLP:conf/pldi/2008,
  editor    = {Rajiv Gupta and
               Saman P. Amarasinghe},
  title     = {Proceedings of the {ACM} {SIGPLAN} 2008 Conference on Programming
               Language Design and Implementation, Tucson, AZ, USA, June 7-13, 2008},
  publisher = {{ACM}},
  year      = {2008},
  url       = {https://doi.org/10.1145/1375581},
  doi       = {10.1145/1375581},
  isbn      = {978-1-59593-860-2},
  timestamp = {Tue, 06 Nov 2018 16:59:30 +0100},
  biburl    = {https://dblp.org/rec/bib/conf/pldi/2008},
  bibsource = {dblp computer science bibliography, https://dblp.org}
}


@inproceedings{XiP98,
  author    = {Hongwei Xi and
               Frank Pfenning},
  title     = {Eliminating Array Bound Checking Through Dependent Types},
  booktitle = {Proceedings of the {ACM} {SIGPLAN} '98 Conference on Programming Language
               Design and Implementation (PLDI), Montreal, Canada, June 17-19, 1998},
  pages     = {249--257},
  year      = {1998},
  crossref  = {DBLP:conf/pldi/1998},
  url       = {https://doi.org/10.1145/277650.277732},
  doi       = {10.1145/277650.277732},
  timestamp = {Tue, 06 Nov 2018 16:59:30 +0100},
  biburl    = {https://dblp.org/rec/bib/conf/pldi/XiP98},
  bibsource = {dblp computer science bibliography, https://dblp.org}
}

@proceedings{DBLP:conf/pldi/1998,
  editor    = {Jack W. Davidson and
               Keith D. Cooper and
               A. Michael Berman},
  title     = {Proceedings of the {ACM} {SIGPLAN} '98 Conference on Programming Language
               Design and Implementation (PLDI), Montreal, Canada, June 17-19, 1998},
  publisher = {{ACM}},
  year      = {1998},
  url       = {http://dl.acm.org/citation.cfm?id=277650},
  isbn      = {0-89791-987-4},
  timestamp = {Mon, 21 May 2012 16:19:53 +0200},
  biburl    = {https://dblp.org/rec/bib/conf/pldi/1998},
  bibsource = {dblp computer science bibliography, https://dblp.org}
}


@inproceedings{Polakow15,
  author    = {Jeff Polakow},
  title     = {Embedding a full linear Lambda calculus in Haskell},
  booktitle = {Proceedings of the 8th {ACM} {SIGPLAN} Symposium on Haskell, Haskell
               2015, Vancouver, BC, Canada, September 3-4, 2015},
  pages     = {177--188},
  year      = {2015},
  crossref  = {DBLP:conf/haskell/2015},
  url       = {https://doi.org/10.1145/2804302.2804309},
  doi       = {10.1145/2804302.2804309},
  timestamp = {Tue, 06 Nov 2018 16:58:22 +0100},
  biburl    = {https://dblp.org/rec/bib/conf/haskell/Polakow15},
  bibsource = {dblp computer science bibliography, https://dblp.org}
}

@proceedings{DBLP:conf/haskell/2015,
  editor    = {Ben Lippmeier},
  title     = {Proceedings of the 8th {ACM} {SIGPLAN} Symposium on Haskell, Haskell
               2015, Vancouver, BC, Canada, September 3-4, 2015},
  publisher = {{ACM}},
  year      = {2015},
  url       = {https://doi.org/10.1145/2804302},
  doi       = {10.1145/2804302},
  isbn      = {978-1-4503-3808-0},
  timestamp = {Tue, 06 Nov 2018 16:58:22 +0100},
  biburl    = {https://dblp.org/rec/bib/conf/haskell/2015},
  bibsource = {dblp computer science bibliography, https://dblp.org}
}




@inproceedings{MatsudaW18haskell,
  author    = {Kazutaka Matsuda and
               Meng Wang},
  title     = {Embedding invertible languages with binders: a case of the FliPpr
               language},
  booktitle = {Proceedings of the 11th {ACM} {SIGPLAN} International Symposium on
               Haskell, Haskell@ICFP 2018, St. Louis, MO, USA, September 27-17, 2018},
  pages     = {158--171},
  year      = {2018},
  crossref  = {DBLP:conf/haskell/2018},
  url       = {https://doi.org/10.1145/3242744.3242758},
  doi       = {10.1145/3242744.3242758},
  timestamp = {Tue, 11 Dec 2018 19:30:58 +0100},
  biburl    = {https://dblp.org/rec/bib/conf/haskell/MatsudaW18},
  bibsource = {dblp computer science bibliography, https://dblp.org}
}

@proceedings{DBLP:conf/haskell/2018,
  editor    = {Nicolas Wu},
  title     = {Proceedings of the 11th {ACM} {SIGPLAN} International Symposium on
               Haskell, Haskell@ICFP 2018, St. Louis, MO, USA, September 27-17, 2018},
  publisher = {{ACM}},
  year      = {2018},
  url       = {https://doi.org/10.1145/3242744},
  doi       = {10.1145/3242744},
  timestamp = {Tue, 11 Dec 2018 19:29:49 +0100},
  biburl    = {https://dblp.org/rec/bib/conf/haskell/2018},
  bibsource = {dblp computer science bibliography, https://dblp.org}
}



@inproceedings{HuITT97,
  author    = {Zhenjiang Hu and
               Hideya Iwasaki and
               Masato Takeichi and
               Akihiko Takano},
  title     = {Tupling Calculation Eliminates Multiple Data Traversals},
  booktitle = {Proceedings of the 1997 {ACM} {SIGPLAN} International Conference on
               Functional Programming {(ICFP} '97), Amsterdam, The Netherlands, June
               9-11, 1997.},
  pages     = {164--175},
  year      = {1997},
  crossref  = {DBLP:conf/icfp/1997},
  url       = {https://doi.org/10.1145/258948.258964},
  doi       = {10.1145/258948.258964},
  timestamp = {Tue, 06 Nov 2018 16:59:24 +0100},
  biburl    = {https://dblp.org/rec/bib/conf/icfp/HuITT97},
  bibsource = {dblp computer science bibliography, https://dblp.org}
}

@proceedings{DBLP:conf/icfp/1997,
  editor    = {Simon L. {Peyton Jones} and
               Mads Tofte and
               A. Michael Berman},
  title     = {Proceedings of the 1997 {ACM} {SIGPLAN} International Conference on
               Functional Programming {(ICFP} '97), Amsterdam, The Netherlands, June
               9-11, 1997},
  publisher = {{ACM}},
  year      = {1997},
  isbn      = {0-89791-918-1},
  timestamp = {Tue, 11 Jun 2013 13:53:37 +0200},
  biburl    = {https://dblp.org/rec/bib/conf/icfp/1997},
  bibsource = {dblp computer science bibliography, https://dblp.org}
}



@inproceedings{Chin93,
  author    = {Wei{-}Ngan Chin},
  title     = {Towards an Automated Tupling Strategy},
  booktitle = {Proceedings of the {ACM} {SIGPLAN} Symposium on Partial Evaluation
               and Semantics-Based Program Manipulation, PEPM'93, Copenhagen, Denmark,
               June 14-16, 1993},
  pages     = {119--132},
  year      = {1993},
  crossref  = {DBLP:conf/pepm/1993},
  url       = {https://doi.org/10.1145/154630.154643},
  doi       = {10.1145/154630.154643},
  timestamp = {Tue, 06 Nov 2018 16:57:57 +0100},
  biburl    = {https://dblp.org/rec/bib/conf/pepm/Chin93},
  bibsource = {dblp computer science bibliography, https://dblp.org}
}

@proceedings{DBLP:conf/pepm/1993,
  editor    = {David A. Schmidt},
  title     = {Proceedings of the {ACM} {SIGPLAN} Symposium on Partial Evaluation
               and Semantics-Based Program Manipulation, PEPM'93, Copenhagen, Denmark,
               June 14-16, 1993},
  publisher = {{ACM}},
  year      = {1993},
  url       = {http://dl.acm.org/citation.cfm?id=154630},
  isbn      = {0-89791-594-1},
  timestamp = {Tue, 22 May 2012 15:24:56 +0200},
  biburl    = {https://dblp.org/rec/bib/conf/pepm/1993},
  bibsource = {dblp computer science bibliography, https://dblp.org}
}


@inproceedings{MuB03,
  author    = {Shin{-}Cheng Mu and
               Richard S. Bird},
  title     = {Rebuilding a Tree from Its Traversals: {A} Case Study of Program Inversion},
  booktitle = {Programming Languages and Systems, First Asian Symposium, {APLAS}
               2003, Beijing, China, November 27-29, 2003, Proceedings},
  pages     = {265--282},
  year      = {2003},
  crossref  = {DBLP:conf/aplas/2003},
  url       = {https://doi.org/10.1007/978-3-540-40018-9\_18},
  doi       = {10.1007/978-3-540-40018-9\_18},
  timestamp = {Mon, 29 May 2017 16:53:44 +0200},
  biburl    = {https://dblp.org/rec/bib/conf/aplas/MuB03},
  bibsource = {dblp computer science bibliography, https://dblp.org}
}

@proceedings{DBLP:conf/aplas/2003,
  editor    = {Atsushi Ohori},
  title     = {Programming Languages and Systems, First Asian Symposium, {APLAS}
               2003, Beijing, China, November 27-29, 2003, Proceedings},
  series    = {Lecture Notes in Computer Science},
  volume    = {2895},
  publisher = {Springer},
  year      = {2003},
  url       = {https://doi.org/10.1007/b94290},
  doi       = {10.1007/b94290},
  isbn      = {3-540-20536-5},
  timestamp = {Mon, 29 May 2017 16:53:44 +0200},
  biburl    = {https://dblp.org/rec/bib/conf/aplas/2003},
  bibsource = {dblp computer science bibliography, https://dblp.org}
}



@book{Salomon-CompressionTextBook,
  author    = {David Salomon},
  title     = {A Concise Introduction to Data Compression},
  series    = {Undergraduate Topics in Computer Science},
  publisher = {Springer},
  year      = {2008},
  url       = {https://doi.org/10.1007/978-1-84800-072-8},
  doi       = {10.1007/978-1-84800-072-8},
  isbn      = {978-1-84800-071-1},
  timestamp = {Tue, 16 May 2017 14:24:21 +0200},
  biburl    = {https://dblp.org/rec/bib/series/utcs/Salomon08},
  bibsource = {dblp computer science bibliography, https://dblp.org}
}

@article{MatsudaW15,
  author    = {Kazutaka Matsuda and
               Meng Wang},
  title     = {"Bidirectionalization for free" for monomorphic transformations},
  journal   = {Sci. Comput. Program.},
  volume    = {111},
  pages     = {79--109},
  year      = {2015},
  url       = {https://doi.org/10.1016/j.scico.2014.07.008},
  doi       = {10.1016/j.scico.2014.07.008},
  timestamp = {Sun, 17 Sep 2017 02:59:12 +0200},
  biburl    = {https://dblp.org/rec/bib/journals/scp/MatsudaW15},
  bibsource = {dblp computer science bibliography, https://dblp.org}
}

@inproceedings{HidakaHIKMN10,
  author    = {Soichiro Hidaka and
               Zhenjiang Hu and
               Kazuhiro Inaba and
               Hiroyuki Kato and
               Kazutaka Matsuda and
               Keisuke Nakano},
  title     = {Bidirectionalizing graph transformations},
  booktitle = {Proceeding of the 15th {ACM} {SIGPLAN} international conference on
               Functional programming, {ICFP} 2010, Baltimore, Maryland, USA, September
               27-29, 2010},
  pages     = {205--216},
  year      = {2010},
  crossref  = {DBLP:conf/icfp/2010},
  url       = {https://doi.org/10.1145/1863543.1863573},
  doi       = {10.1145/1863543.1863573},
  timestamp = {Tue, 06 Nov 2018 16:59:24 +0100},
  biburl    = {https://dblp.org/rec/bib/conf/icfp/HidakaHIKMN10},
  bibsource = {dblp computer science bibliography, https://dblp.org}
}

@proceedings{DBLP:conf/icfp/2010,
  editor    = {Paul Hudak and
               Stephanie Weirich},
  title     = {Proceeding of the 15th {ACM} {SIGPLAN} international conference on
               Functional programming, {ICFP} 2010, Baltimore, Maryland, USA, September
               27-29, 2010},
  publisher = {{ACM}},
  year      = {2010},
  isbn      = {978-1-60558-794-3},
  timestamp = {Fri, 08 Oct 2010 07:46:10 +0200},
  biburl    = {https://dblp.org/rec/bib/conf/icfp/2010},
  bibsource = {dblp computer science bibliography, https://dblp.org}
}



@inproceedings{MuHT04aplas,
  author    = {Shin{-}Cheng Mu and
               Zhenjiang Hu and
               Masato Takeichi},
  title     = {An Algebraic Approach to Bi-directional Updating},
  booktitle = {Programming Languages and Systems: Second Asian Symposium, {APLAS}
               2004, Taipei, Taiwan, November 4-6, 2004. Proceedings},
  pages     = {2--20},
  year      = {2004},
  crossref  = {DBLP:conf/aplas/2004},
  url       = {https://doi.org/10.1007/978-3-540-30477-7\_2},
  doi       = {10.1007/978-3-540-30477-7\_2},
  timestamp = {Tue, 30 May 2017 16:36:52 +0200},
  biburl    = {https://dblp.org/rec/bib/conf/aplas/MuHT04},
  bibsource = {dblp computer science bibliography, https://dblp.org}
}

@proceedings{DBLP:conf/aplas/2004,
  editor    = {Wei{-}Ngan Chin},
  title     = {Programming Languages and Systems: Second Asian Symposium, {APLAS}
               2004, Taipei, Taiwan, November 4-6, 2004. Proceedings},
  series    = {Lecture Notes in Computer Science},
  volume    = {3302},
  publisher = {Springer},
  year      = {2004},
  url       = {https://doi.org/10.1007/b102225},
  doi       = {10.1007/b102225},
  isbn      = {3-540-23724-0},
  timestamp = {Tue, 30 May 2017 16:36:52 +0200},
  biburl    = {https://dblp.org/rec/bib/conf/aplas/2004},
  bibsource = {dblp computer science bibliography, https://dblp.org}
}


@inproceedings{MatsudaW13ppdp,
  author    = {Kazutaka Matsuda and
               Meng Wang},
  title     = {Bidirectionalization for free with runtime recording: or, a light-weight
               approach to the view-update problem},
  booktitle = {15th International Symposium on Principles and Practice of Declarative
               Programming, {PPDP} '13, Madrid, Spain, September 16-18, 2013},
  pages     = {297--308},
  year      = {2013},
  crossref  = {DBLP:conf/ppdp/2013},
  url       = {https://doi.org/10.1145/2505879.2505888},
  doi       = {10.1145/2505879.2505888},
  timestamp = {Tue, 06 Nov 2018 16:57:25 +0100},
  biburl    = {https://dblp.org/rec/bib/conf/ppdp/MatsudaW13},
  bibsource = {dblp computer science bibliography, https://dblp.org}
}

@proceedings{DBLP:conf/ppdp/2013,
  editor    = {Ricardo Pe{\~{n}}a and
               Tom Schrijvers},
  title     = {15th International Symposium on Principles and Practice of Declarative
               Programming, {PPDP} '13, Madrid, Spain, September 16-18, 2013},
  publisher = {{ACM}},
  year      = {2013},
  url       = {http://dl.acm.org/citation.cfm?id=2505879},
  isbn      = {978-1-4503-2154-9},
  timestamp = {Thu, 19 Sep 2013 11:13:58 +0200},
  biburl    = {https://dblp.org/rec/bib/conf/ppdp/2013},
  bibsource = {dblp computer science bibliography, https://dblp.org}
}



@inproceedings{HuMT04,
  author    = {Zhenjiang Hu and
               Shin{-}Cheng Mu and
               Masato Takeichi},
  title     = {A programmable editor for developing structured documents based on
               bidirectional transformations},
  booktitle = {Proceedings of the 2004 {ACM} {SIGPLAN} Workshop on Partial Evaluation
               and Semantics-based Program Manipulation, 2004, Verona, Italy, August
               24-25, 2004},
  pages     = {178--189},
  year      = {2004},
  crossref  = {DBLP:conf/pepm/2004},
  url       = {https://doi.org/10.1145/1014007.1014025},
  doi       = {10.1145/1014007.1014025},
  timestamp = {Tue, 06 Nov 2018 16:57:57 +0100},
  biburl    = {https://dblp.org/rec/bib/conf/pepm/HuMT04},
  bibsource = {dblp computer science bibliography, https://dblp.org}
}

@proceedings{DBLP:conf/pepm/2004,
  editor    = {Nevin Heintze and
               Peter Sestoft},
  title     = {Proceedings of the 2004 {ACM} {SIGPLAN} Workshop on Partial Evaluation
               and Semantics-based Program Manipulation, 2004, Verona, Italy, August
               24-25, 2004},
  publisher = {{ACM}},
  year      = {2004},
  url       = {http://dl.acm.org/citation.cfm?id=1014007},
  isbn      = {1-58113-835-0},
  timestamp = {Tue, 22 May 2012 15:24:56 +0200},
  biburl    = {https://dblp.org/rec/bib/conf/pepm/2004},
  bibsource = {dblp computer science bibliography, https://dblp.org}
}



@inproceedings{RiosS17,
  author    = {Francisco Rios and
               Peter Selinger},
  title     = {A categorical model for a quantum circuit description language},
  booktitle = {Proceedings 14th International Conference on Quantum Physics and Logic,
               {QPL} 2017, Nijmegen, The Netherlands, 3-7 July 2017.},
  pages     = {164--178},
  year      = {2017},
  crossref  = {DBLP:journals/corr/abs-1802-09737},
  url       = {https://doi.org/10.4204/EPTCS.266.11},
  doi       = {10.4204/EPTCS.266.11},
  timestamp = {Wed, 12 Sep 2018 01:05:13 +0200},
  biburl    = {https://dblp.org/rec/bib/journals/corr/RiosS17},
  bibsource = {dblp computer science bibliography, https://dblp.org}
}

@proceedings{DBLP:journals/corr/abs-1802-09737,
  editor    = {Bob Coecke and
               Aleks Kissinger},
  title     = {Proceedings 14th International Conference on Quantum Physics and Logic,
               {QPL} 2017, Nijmegen, The Netherlands, 3-7 July 2017},
  series    = {{EPTCS}},
  volume    = {266},
  year      = {2018},
  url       = {http://arxiv.org/abs/1802.09737},
  timestamp = {Mon, 13 Aug 2018 16:48:09 +0200},
  biburl    = {https://dblp.org/rec/bib/journals/corr/abs-1802-09737},
  bibsource = {dblp computer science bibliography, https://dblp.org}
}


@inproceedings{MuHT04mpc,
  author    = {Shin{-}Cheng Mu and
               Zhenjiang Hu and
               Masato Takeichi},
  title     = {An Injective Language for Reversible Computation},
  booktitle = {Mathematics of Program Construction, 7th International Conference,
               {MPC} 2004, Stirling, Scotland, UK, July 12-14, 2004, Proceedings},
  pages     = {289--313},
  year      = {2004},
  crossref  = {DBLP:conf/mpc/2004},
  url       = {https://doi.org/10.1007/978-3-540-27764-4\_16},
  doi       = {10.1007/978-3-540-27764-4\_16},
  timestamp = {Tue, 30 May 2017 12:57:44 +0200},
  biburl    = {https://dblp.org/rec/bib/conf/mpc/MuHT04},
  bibsource = {dblp computer science bibliography, https://dblp.org}
}

@proceedings{DBLP:conf/mpc/2004,
  editor    = {Dexter Kozen and
               Carron Shankland},
  title     = {Mathematics of Program Construction, 7th International Conference,
               {MPC} 2004, Stirling, Scotland, UK, July 12-14, 2004, Proceedings},
  series    = {Lecture Notes in Computer Science},
  volume    = {3125},
  publisher = {Springer},
  year      = {2004},
  url       = {https://doi.org/10.1007/b98756},
  doi       = {10.1007/b98756},
  isbn      = {3-540-22380-0},
  timestamp = {Tue, 30 May 2017 12:57:44 +0200},
  biburl    = {https://dblp.org/rec/bib/conf/mpc/2004},
  bibsource = {dblp computer science bibliography, https://dblp.org}
}




@article{MaraistOTW95,
  author    = {John Maraist and
               Martin Odersky and
               David N. Turner and
               Philip Wadler},
  title     = {Call-by-name, call-by-value, call-by-need and the linear lambda calculus},
  journal   = {Electr. Notes Theor. Comput. Sci.},
  volume    = {1},
  pages     = {370--392},
  year      = {1995},
  url       = {https://doi.org/10.1016/S1571-0661(04)00022-2},
  doi       = {10.1016/S1571-0661(04)00022-2},
  timestamp = {Sun, 28 May 2017 13:22:54 +0200},
  biburl    = {https://dblp.org/rec/bib/journals/entcs/MaraistOTW95},
  bibsource = {dblp computer science bibliography, https://dblp.org}
}


@Misc{Frank97,
  author =    {Michael P. Frank},
  title =     {The {R} Programming Language and Compiler},
  howpublished = {MIT Reversible Computing Project Memo \#M8, MIT AI Lab},
  month =     {July},
  year =      1997,
  note =      {Available on: \url{https://github.com/mikepfrank/Rlang-compiler/blob/master/docs/MIT-RCP-MemoM8-RProgLang.pdf}}}

@inproceedings{Baker92,
  author    = {Henry G. Baker},
  title     = {{NREVERSAL} of Fortune - The Thermodynamics of Garbage Collection},
  booktitle = {Memory Management, International Workshop {IWMM} 92, St. Malo, France,
               September 17-19, 1992, Proceedings},
  pages     = {507--524},
  year      = {1992},
  crossref  = {DBLP:conf/iwmm/1992},
  url       = {https://doi.org/10.1007/BFb0017210},
  doi       = {10.1007/BFb0017210},
  timestamp = {Sat, 20 May 2017 15:32:50 +0200},
  biburl    = {https://dblp.org/rec/bib/conf/iwmm/Baker92},
  bibsource = {dblp computer science bibliography, https://dblp.org}
}

@proceedings{DBLP:conf/iwmm/1992,
  editor    = {Yves Bekkers and
               Jacques Cohen},
  title     = {Memory Management, International Workshop {IWMM} 92, St. Malo, France,
               September 17-19, 1992, Proceedings},
  series    = {Lecture Notes in Computer Science},
  volume    = {637},
  publisher = {Springer},
  year      = {1992},
  url       = {https://doi.org/10.1007/BFb0017181},
  doi       = {10.1007/BFb0017181},
  isbn      = {3-540-55940-X},
  timestamp = {Sat, 20 May 2017 15:32:50 +0200},
  biburl    = {https://dblp.org/rec/bib/conf/iwmm/1992},
  bibsource = {dblp computer science bibliography, https://dblp.org}
}


@unpublished{Janus,
  author    = {Christopher Lutz},
  title     = {Janus: a time-reversible language},
  note      = {{\it Letter to R.\ Landauer}. Available on: \url{http://tetsuo.jp/ref/janus.pdf}},
  year      = {1986},
}

@inproceedings{YokoyamaAG08,
  author    = {Tetsuo Yokoyama and
               Holger Bock Axelsen and
               Robert Gl{\"{u}}ck},
  title     = {Principles of a reversible programming language},
  booktitle = {Proceedings of the 5th Conference on Computing Frontiers, 2008, Ischia,
               Italy, May 5-7, 2008},
  pages     = {43--54},
  year      = {2008},
  crossref  = {DBLP:conf/cf/2008},
  url       = {https://doi.org/10.1145/1366230.1366239},
  doi       = {10.1145/1366230.1366239},
  timestamp = {Tue, 06 Nov 2018 11:07:32 +0100},
  biburl    = {https://dblp.org/rec/bib/conf/cf/YokoyamaAG08},
  bibsource = {dblp computer science bibliography, https://dblp.org}
}

@proceedings{DBLP:conf/cf/2008,
  editor    = {Alex Ram{\'{\i}}rez and
               Gianfranco Bilardi and
               Michael Gschwind},
  title     = {Proceedings of the 5th Conference on Computing Frontiers, 2008, Ischia,
               Italy, May 5-7, 2008},
  publisher = {{ACM}},
  year      = {2008},
  isbn      = {978-1-60558-077-7},
  timestamp = {Thu, 15 May 2008 12:16:11 +0200},
  biburl    = {https://dblp.org/rec/bib/conf/cf/2008},
  bibsource = {dblp computer science bibliography, https://dblp.org}
}



@inproceedings{Ahmed06,
  author    = {Amal J. Ahmed},
  title     = {Step-Indexed Syntactic Logical Relations for Recursive and Quantified
               Types},
  booktitle = {Programming Languages and Systems, 15th European Symposium on Programming,
               {ESOP} 2006, Held as Part of the Joint European Conferences on Theory
               and Practice of Software, {ETAPS} 2006, Vienna, Austria, March 27-28,
               2006, Proceedings},
  pages     = {69--83},
  year      = {2006},
  crossref  = {DBLP:conf/esop/2006},
  url       = {https://doi.org/10.1007/11693024\_6},
  doi       = {10.1007/11693024\_6},
  timestamp = {Tue, 26 Jun 2018 14:12:44 +0200},
  biburl    = {https://dblp.org/rec/bib/conf/esop/Ahmed06},
  bibsource = {dblp computer science bibliography, https://dblp.org}
}

@proceedings{DBLP:conf/esop/2006,
  editor    = {Peter Sestoft},
  title     = {Programming Languages and Systems, 15th European Symposium on Programming,
               {ESOP} 2006, Held as Part of the Joint European Conferences on Theory
               and Practice of Software, {ETAPS} 2006, Vienna, Austria, March 27-28,
               2006, Proceedings},
  series    = {Lecture Notes in Computer Science},
  volume    = {3924},
  publisher = {Springer},
  year      = {2006},
  url       = {https://doi.org/10.1007/11693024},
  doi       = {10.1007/11693024},
  isbn      = {3-540-33095-X},
  timestamp = {Fri, 19 May 2017 01:25:18 +0200},
  biburl    = {https://dblp.org/rec/bib/conf/esop/2006},
  bibsource = {dblp computer science bibliography, https://dblp.org}
}



@article{AppelM01,
  author    = {Andrew W. Appel and
               David A. McAllester},
  title     = {An indexed model of recursive types for foundational proof-carrying
               code},
  journal   = {{ACM} Trans. Program. Lang. Syst.},
  volume    = {23},
  number    = {5},
  pages     = {657--683},
  year      = {2001},
  url       = {https://doi.org/10.1145/504709.504712},
  doi       = {10.1145/504709.504712},
  timestamp = {Tue, 06 Nov 2018 12:51:29 +0100},
  biburl    = {https://dblp.org/rec/bib/journals/toplas/AppelM01},
  bibsource = {dblp computer science bibliography, https://dblp.org}}


@inproceedings{JuTi93,
  author    = {Achim Jung and
               Jerzy Tiuryn},
  title     = {A New Characterization of Lambda Definability},
  booktitle = {Typed Lambda Calculi and Applications, International Conference on
               Typed Lambda Calculi and Applications, {TLCA} '93, Utrecht, The Netherlands,
               March 16-18, 1993, Proceedings},
  pages     = {245--257},
  year      = {1993},
  crossref  = {DBLP:conf/tlca/1993},
  url       = {https://doi.org/10.1007/BFb0037110},
  doi       = {10.1007/BFb0037110},
  timestamp = {Sat, 20 May 2017 15:32:50 +0200},
  biburl    = {http://dblp.uni-trier.de/rec/bib/conf/tlca/JungT93},
  bibsource = {dblp computer science bibliography, http://dblp.org}
}


@proceedings{DBLP:conf/tlca/1993,
  editor    = {Marc Bezem and
               Jan Friso Groote},
  title     = {Typed Lambda Calculi and Applications, International Conference on
               Typed Lambda Calculi and Applications, {TLCA} '93, Utrecht, The Netherlands,
               March 16-18, 1993, Proceedings},
  series    = {Lecture Notes in Computer Science},
  volume    = {664},
  publisher = {Springer},
  year      = {1993},
  url       = {https://doi.org/10.1007/BFb0037093},
  doi       = {10.1007/BFb0037093},
  isbn      = {3-540-56517-5},
  timestamp = {Sat, 20 May 2017 15:32:50 +0200},
  biburl    = {http://dblp.uni-trier.de/rec/bib/conf/tlca/1993},
  bibsource = {dblp computer science bibliography, http://dblp.org}
}


@inproceedings{AltenkirchG05,
  author    = {Thorsten Altenkirch and
               Jonathan Grattage},
  title     = {A Functional Quantum Programming Language},
  booktitle = {20th {IEEE} Symposium on Logic in Computer Science {(LICS} 2005),
               26-29 June 2005, Chicago, IL, USA, Proceedings},
  pages     = {249--258},
  year      = {2005},
  crossref  = {DBLP:conf/lics/2005},
  url       = {https://doi.org/10.1109/LICS.2005.1},
  doi       = {10.1109/LICS.2005.1},
  timestamp = {Fri, 02 Nov 2018 09:34:47 +0100},
  biburl    = {https://dblp.org/rec/bib/conf/lics/AltenkirchG05},
  bibsource = {dblp computer science bibliography, https://dblp.org}
}

@proceedings{DBLP:conf/lics/2005,
  title     = {20th {IEEE} Symposium on Logic in Computer Science {(LICS} 2005),
               26-29 June 2005, Chicago, IL, USA, Proceedings},
  publisher = {{IEEE} Computer Society},
  year      = {2005},
  url       = {http://ieeexplore.ieee.org/xpl/mostRecentIssue.jsp?punumber=10087},
  isbn      = {0-7695-2266-1},
  timestamp = {Fri, 21 Nov 2014 14:08:56 +0100},
  biburl    = {https://dblp.org/rec/bib/conf/lics/2005},
  bibsource = {dblp computer science bibliography, https://dblp.org}
}



@article{SelingerV06,
  author    = {Peter Selinger and
               Beno{\^{\i}}t Valiron},
  title     = {A lambda calculus for quantum computation with classical control},
  journal   = {Mathematical Structures in Computer Science},
  volume    = {16},
  number    = {3},
  pages     = {527--552},
  year      = {2006},
  url       = {https://doi.org/10.1017/S0960129506005238},
  doi       = {10.1017/S0960129506005238},
  timestamp = {Sun, 28 May 2017 13:25:37 +0200},
  biburl    = {https://dblp.org/rec/bib/journals/mscs/SelingerV06},
  bibsource = {dblp computer science bibliography, https://dblp.org}
}

@Article{TracedMonoidalCategories,
  author =       {Andr\'e Joyal and  Ross Street and Dominic Verity },
  title =        {Traced Monoidal Categories},
  journal =      {Mathematical Proceedings of the Cambridge Philosophical Society},
  year =         1996,
  volume =    119,
  number =    3,
  pages =     {447--468},
  month =     {Apr}}

@inproceedings{Danvy96,
  author    = {Olivier Danvy},
  title     = {Type-Directed Partial Evaluation},
  booktitle = {Conference Record of POPL'96: The 23rd {ACM} {SIGPLAN-SIGACT} Symposium
               on Principles of Programming Languages, Papers Presented at the Symposium,
               St. Petersburg Beach, Florida, USA, January 21-24, 1996},
  pages     = {242--257},
  year      = {1996},
  crossref  = {DBLP:conf/popl/1996},
  url       = {https://doi.org/10.1145/237721.237784},
  doi       = {10.1145/237721.237784},
  timestamp = {Tue, 06 Nov 2018 11:07:43 +0100},
  biburl    = {https://dblp.org/rec/bib/conf/popl/Danvy96},
  bibsource = {dblp computer science bibliography, https://dblp.org}
}

@proceedings{DBLP:conf/popl/1996,
  editor    = {Hans{-}Juergen Boehm and
               Guy L. Steele Jr.},
  title     = {Conference Record of POPL'96: The 23rd {ACM} {SIGPLAN-SIGACT} Symposium
               on Principles of Programming Languages, Papers Presented at the Symposium,
               St. Petersburg Beach, Florida, USA, January 21-24, 1996},
  publisher = {{ACM} Press},
  year      = {1996},
  url       = {http://dl.acm.org/citation.cfm?id=237721},
  isbn      = {0-89791-769-3},
  timestamp = {Mon, 21 May 2012 16:19:50 +0200},
  biburl    = {https://dblp.org/rec/bib/conf/popl/1996},
  bibsource = {dblp computer science bibliography, https://dblp.org}
}



@Misc{PNG,
  author =    {{W3C} Recommendation},
  title =     {Portable Network Graphics (PNG) Specification (Second Edition)},
  month =     {Nov},
  year =      2003,
  note =      {\url{https://www.w3.org/TR/2003/REC-PNG-20031110/}}}

@article{AbramskyHS02,
  author    = {Samson Abramsky and
               Esfandiar Haghverdi and
               Philip J. Scott},
  title     = {Geometry of Interaction and Linear Combinatory Algebras},
  journal   = {Mathematical Structures in Computer Science},
  volume    = {12},
  number    = {5},
  pages     = {625--665},
  year      = {2002},
  url       = {https://doi.org/10.1017/S0960129502003730},
  doi       = {10.1017/S0960129502003730},
  timestamp = {Wed, 14 Nov 2018 10:35:18 +0100},
  biburl    = {https://dblp.org/rec/bib/journals/mscs/AbramskyHS02},
  bibsource = {dblp computer science bibliography, https://dblp.org}
}


@article{Abramsky05,
  author    = {Samson Abramsky},
  title     = {A structural approach to reversible computation},
  journal   = {Theor. Comput. Sci.},
  volume    = {347},
  number    = {3},
  pages     = {441--464},
  year      = {2005},
  url       = {https://doi.org/10.1016/j.tcs.2005.07.002},
  doi       = {10.1016/j.tcs.2005.07.002},
  timestamp = {Wed, 14 Nov 2018 10:33:29 +0100},
  biburl    = {https://dblp.org/rec/bib/journals/tcs/Abramsky05},
  bibsource = {dblp computer science bibliography, https://dblp.org}
}

@article{Bennett73,
author={Charles H. Bennett},
journal={{IBM} Journal of Research and Development},
title={Logical Reversibility of Computation},
year=1973,
volume=17,
number=6,
pages={525--532},
doi={10.1147/rd.176.0525},
ISSN={0018-8646},
month={Nov}
}


@article{Landauer61,
  author    = {Rolf Landauer},
  title     = {Irreversibility and Heat Generation in the Computing Process},
  journal   = {{IBM} Journal of Research and Development},
  volume    = {5},
  number    = {3},
  pages     = {183--191},
  year      = {1961},
  url       = {https://doi.org/10.1147/rd.53.0183},
  doi       = {10.1147/rd.53.0183},
  timestamp = {Wed, 14 Nov 2018 10:17:14 +0100},
  biburl    = {https://dblp.org/rec/bib/journals/ibmrd/Landauer61},
  bibsource = {dblp computer science bibliography, https://dblp.org}
}


@inproceedings{MaZZ10,
  author    = {Karl Mazurak and
               Jianzhou Zhao and
               Steve Zdancewic},
  title     = {Lightweight linear types in system fdegree},
  booktitle = {{TLDI}},
  pages     = {77--88},
  publisher = {{ACM}},
  year      = {2010}
}



@inproceedings{TovP11,
  author    = {Jesse A. Tov and
               Riccardo Pucella},
  title     = {Practical affine types},
  booktitle = {Proceedings of the 38th {ACM} {SIGPLAN-SIGACT} Symposium on Principles
               of Programming Languages, {POPL} 2011, Austin, TX, USA, January 26-28,
               2011},
  pages     = {447--458},
  year      = {2011},
  crossref  = {DBLP:conf/popl/2011},
  url       = {https://doi.org/10.1145/1926385.1926436},
  doi       = {10.1145/1926385.1926436},
  timestamp = {Tue, 06 Nov 2018 11:07:43 +0100},
  biburl    = {https://dblp.org/rec/bib/conf/popl/TovP11},
  bibsource = {dblp computer science bibliography, https://dblp.org}
}

@proceedings{DBLP:conf/popl/2011,
  editor    = {Thomas Ball and
               Mooly Sagiv},
  title     = {Proceedings of the 38th {ACM} {SIGPLAN-SIGACT} Symposium on Principles
               of Programming Languages, {POPL} 2011, Austin, TX, USA, January 26-28,
               2011},
  publisher = {{ACM}},
  year      = {2011},
  url       = {http://dl.acm.org/citation.cfm?id=1926385},
  isbn      = {978-1-4503-0490-0},
  timestamp = {Tue, 22 May 2012 15:24:56 +0200},
  biburl    = {https://dblp.org/rec/bib/conf/popl/2011},
  bibsource = {dblp computer science bibliography, https://dblp.org}
}



@article{BeBNJS18,
  author    = {Jean{-}Philippe Bernardy and
               Mathieu Boespflug and
               Ryan R. Newton and
               Simon {Peyton Jones} and
               Arnaud Spiwack},
  title     = {Linear Haskell: practical linearity in a higher-order polymorphic
               language},
  journal   = {{PACMPL}},
  volume    = {2},
  number    = {{POPL}},
  pages     = {5:1--5:29},
  year      = {2018},
  url       = {https://doi.org/10.1145/3158093},
  doi       = {10.1145/3158093},
  timestamp = {Tue, 06 Nov 2018 12:51:05 +0100},
  biburl    = {https://dblp.org/rec/bib/journals/pacmpl/BernardyBNJS18},
  bibsource = {dblp computer science bibliography, https://dblp.org}
}



@inproceedings{Morris16,
  author    = {J. Garrett Morris},
  title     = {The best of both worlds: linear functional programming without compromise},
  booktitle = {Proceedings of the 21st {ACM} {SIGPLAN} International Conference on
               Functional Programming, {ICFP} 2016, Nara, Japan, September 18-22,
               2016},
  pages     = {448--461},
  year      = {2016},
  crossref  = {DBLP:conf/icfp/2016},
  url       = {https://doi.org/10.1145/2951913.2951925},
  doi       = {10.1145/2951913.2951925},
  timestamp = {Tue, 06 Nov 2018 16:59:25 +0100},
  biburl    = {https://dblp.org/rec/bib/conf/icfp/Morris16},
  bibsource = {dblp computer science bibliography, https://dblp.org}
}

@proceedings{DBLP:conf/icfp/2016,
  editor    = {Jacques Garrigue and
               Gabriele Keller and
               Eijiro Sumii},
  title     = {Proceedings of the 21st {ACM} {SIGPLAN} International Conference on
               Functional Programming, {ICFP} 2016, Nara, Japan, September 18-22,
               2016},
  publisher = {{ACM}},
  year      = {2016},
  url       = {https://doi.org/10.1145/2951913},
  doi       = {10.1145/2951913},
  isbn      = {978-1-4503-4219-3},
  timestamp = {Tue, 06 Nov 2018 16:59:25 +0100},
  biburl    = {https://dblp.org/rec/bib/conf/icfp/2016},
  bibsource = {dblp computer science bibliography, https://dblp.org}
}



@article{KeVy12, 
  author    = {Andrew J. Kennedy and
               Dimitrios Vytiniotis},
  title     = {Every bit counts: The binary representation of typed data and programs},
  journal   = {J. Funct. Program.},
  volume    = {22},
  number    = {4-5},
  pages     = {529--573},
  year      = {2012}
}
@article{MaWa18jfp,
  author    = {Kazutaka Matsuda and
               Meng Wang},
  title     = {Applicative bidirectional programming: Mixing lenses and semantic
               bidirectionalization},
  journal   = {J. Funct. Program.},
  volume    = {28},
  pages     = {e15},
  year      = {2018},
  url       = {https://doi.org/10.1017/S0956796818000096},
  doi       = {10.1017/S0956796818000096},
  timestamp = {Thu, 05 Jul 2018 11:43:26 +0200},
  biburl    = {https://dblp.org/rec/bib/journals/jfp/Matsuda018},
  bibsource = {dblp computer science bibliography, https://dblp.org}
}

@inproceedings{MaAs17,
  author    = {Kazutaka Matsuda and
               Kazuyuki Asada},
  title     = {A functional reformulation of UnCAL graph-transformations: or, graph
               transformation as graph reduction},
  booktitle = {Proceedings of the 2017 {ACM} {SIGPLAN} Workshop on Partial Evaluation
               and Program Manipulation, {PEPM} 2017, Paris, France, January 18-20,
               2017},
  pages     = {71--82},
  year      = {2017},
  crossref  = {DBLP:conf/pepm/2017},
  url       = {http://dl.acm.org/citation.cfm?id=3018883},
  timestamp = {Wed, 28 Dec 2016 13:33:23 +0100},
  biburl    = {https://dblp.org/rec/bib/conf/pepm/MatsudaA17},
  bibsource = {dblp computer science bibliography, https://dblp.org}
}

@proceedings{DBLP:conf/pepm/2017,
  editor    = {Ulrik Pagh Schultz and
               Jeremy Yallop},
  title     = {Proceedings of the 2017 {ACM} {SIGPLAN} Workshop on Partial Evaluation
               and Program Manipulation, {PEPM} 2017, Paris, France, January 18-20,
               2017},
  publisher = {{ACM}},
  year      = {2017},
  url       = {http://doi.acm.org/10.1145/3018882},
  doi       = {10.1145/3018882},
  isbn      = {978-1-4503-4721-1},
  timestamp = {Wed, 28 Dec 2016 13:32:22 +0100},
  biburl    = {https://dblp.org/rec/bib/conf/pepm/2017},
  bibsource = {dblp computer science bibliography, https://dblp.org}
}




@article{DaPf01, 
  author    = {Rowan Davies and
               Frank Pfenning},
  title     = {A modal analysis of staged computation},
  journal   = {J. {ACM}},
  volume    = {48},
  number    = {3},
  pages     = {555--604},
  year      = {2001},
  url       = {http://doi.acm.org/10.1145/382780.382785},
  doi       = {10.1145/382780.382785},
  timestamp = {Thu, 20 Nov 2003 12:28:07 +0100},
  biburl    = {http://dblp.uni-trier.de/rec/bib/journals/jacm/DaviesP01},
  bibsource = {dblp computer science bibliography, http://dblp.org}
}

@inproceedings{Moggi98,
  author    = {Eugenio Moggi},
  title     = {Functor Categories and Two-Level Languages},
  booktitle = {Foundations of Software Science and Computation Structure, First International
               Conference, FoSSaCS'98, Held as Part of the European Joint Conferences
               on the Theory and Practice of Software, ETAPS'98, Lisbon, Portugal,
               March 28 - April 4, 1998, Proceedings},
  pages     = {211--225},
  year      = {1998},
  crossref  = {DBLP:conf/fossacs/1998},
  url       = {http://dx.doi.org/10.1007/BFb0053552},
  doi       = {10.1007/BFb0053552},
  timestamp = {Thu, 16 Jun 2011 15:51:16 +0200},
  biburl    = {http://dblp.uni-trier.de/rec/bib/conf/fossacs/Moggi98},
  bibsource = {dblp computer science bibliography, http://dblp.org}
}

@proceedings{DBLP:conf/fossacs/1998,
  editor    = {Maurice Nivat},
  title     = {Foundations of Software Science and Computation Structure, First International
               Conference, FoSSaCS'98, Held as Part of the European Joint Conferences
               on the Theory and Practice of Software, ETAPS'98, Lisbon, Portugal,
               March 28 - April 4, 1998, Proceedings},
  series    = {Lecture Notes in Computer Science},
  volume    = {1378},
  publisher = {Springer},
  year      = {1998},
  isbn      = {3-540-64300-1},
  timestamp = {Mon, 18 Mar 2002 09:11:49 +0100},
  biburl    = {http://dblp.uni-trier.de/rec/bib/conf/fossacs/1998},
  bibsource = {dblp computer science bibliography, http://dblp.org}
}



@inproceedings{PaHF14,
  author    = {Hugo Pacheco and
               Zhenjiang Hu and
               Sebastian Fischer},
  title     = {Monadic combinators for "Putback" style bidirectional programming},
  booktitle = {Proceedings of the {ACM} {SIGPLAN} 2014 workshop on Partial evaluation
               and program manipulation, {PEPM} 2014, January 20-21, 2014, San Diego,
               California, {USA}},
  pages     = {39--50},
  year      = {2014},
  crossref  = {DBLP:conf/pepm/2014},
  url       = {http://doi.acm.org/10.1145/2543728.2543737},
  doi       = {10.1145/2543728.2543737},
  timestamp = {Mon, 01 Jan 2018 17:25:11 +0100},
  biburl    = {https://dblp.org/rec/bib/conf/pepm/PachecoHF14},
  bibsource = {dblp computer science bibliography, https://dblp.org}
}

@Comment inproceedings{PaHF14,
@Comment   author    = {Hugo Pacheco and
@Comment                Zhenjiang Hu and
@Comment                Sebastian Fischer},
@Comment   title     = {Monadic combinators for "Putback" style bidirectional programming},
@Comment   booktitle = {PEPM},
@Comment   pages     = {39--50},
@Comment   year      = {2014},
@Comment   crossref  = {DBLP:conf/pepm/2014},
@Comment   url       = {http://doi.acm.org/10.1145/2543728.2543737},
@Comment   doi       = {10.1145/2543728.2543737},
@Comment   timestamp = {Mon, 01 Jan 2018 17:25:11 +0100},
@Comment   biburl    = {https://dblp.org/rec/bib/conf/pepm/PachecoHF14},
@Comment   bibsource = {dblp computer science bibliography, https://dblp.org}
@Comment }


@proceedings{DBLP:conf/pepm/2014,
  editor    = {Wei{-}Ngan Chin and
               Jurriaan Hage},
  title     = {Proceedings of the {ACM} {SIGPLAN} 2014 workshop on Partial evaluation
               and program manipulation, {PEPM} 2014, January 20-21, 2014, San Diego,
               California, {USA}},
  publisher = {{ACM}},
  year      = {2014},
  url       = {http://dl.acm.org/citation.cfm?id=2543728},
  isbn      = {978-1-4503-2619-3},
  timestamp = {Thu, 09 Jan 2014 10:44:12 +0100},
  biburl    = {https://dblp.org/rec/bib/conf/pepm/2014},
  bibsource = {dblp computer science bibliography, https://dblp.org}
}



@inproceedings{PaCu10,
  author    = {Hugo Pacheco and
               Alcino Cunha},
  title     = {Generic Point-free Lenses},
  booktitle = {Mathematics of Program Construction, 10th International Conference,
               {MPC} 2010, Qu{\'{e}}bec City, Canada, June 21-23, 2010. Proceedings},
  pages     = {331--352},
  year      = {2010},
  crossref  = {DBLP:conf/mpc/2010},
  url       = {https://doi.org/10.1007/978-3-642-13321-3\_19},
  doi       = {10.1007/978-3-642-13321-3\_19},
  timestamp = {Mon, 01 Jan 2018 17:25:11 +0100},
  biburl    = {https://dblp.org/rec/bib/conf/mpc/PachecoC10},
  bibsource = {dblp computer science bibliography, https://dblp.org}
}

@Comment inproceedings{PaCu10,
@Comment   author    = {Hugo Pacheco and
@Comment                Alcino Cunha},
@Comment   title     = {Generic Point-free Lenses},
@Comment   booktitle = {MPC},
@Comment   pages     = {331--352},
@Comment   year      = {2010},
@Comment   crossref  = {DBLP:conf/mpc/2010},
@Comment   url       = {https://doi.org/10.1007/978-3-642-13321-3\_19},
@Comment   doi       = {10.1007/978-3-642-13321-3\_19},
@Comment   timestamp = {Mon, 01 Jan 2018 17:25:11 +0100},
@Comment   biburl    = {https://dblp.org/rec/bib/conf/mpc/PachecoC10},
@Comment   bibsource = {dblp computer science bibliography, https://dblp.org}
@Comment }

@proceedings{DBLP:conf/mpc/2010,
  editor    = {Claude Bolduc and
               Jules Desharnais and
               B{\'{e}}chir Ktari},
  title     = {Mathematics of Program Construction, 10th International Conference,
               {MPC} 2010, Qu{\'{e}}bec City, Canada, June 21-23, 2010. Proceedings},
  series    = {Lecture Notes in Computer Science},
  volume    = {6120},
  publisher = {Springer},
  year      = {2010},
  url       = {https://doi.org/10.1007/978-3-642-13321-3},
  doi       = {10.1007/978-3-642-13321-3},
  isbn      = {978-3-642-13320-6},
  timestamp = {Mon, 22 May 2017 17:11:14 +0200},
  biburl    = {https://dblp.org/rec/bib/conf/mpc/2010},
  bibsource = {dblp computer science bibliography, https://dblp.org}
}



@article{Henglein93,
  author    = {Fritz Henglein},
  title     = {Type Inference with Polymorphic Recursion},
  journal   = {{ACM} Trans. Program. Lang. Syst.},
  volume    = {15},
  number    = {2},
  pages     = {253--289},
  year      = {1993},
  url       = {http://doi.acm.org/10.1145/169701.169692},
  doi       = {10.1145/169701.169692},
  timestamp = {Mon, 03 Apr 2006 11:19:30 +0200},
  biburl    = {https://dblp.org/rec/bib/journals/toplas/Henglein93},
  bibsource = {dblp computer science bibliography, https://dblp.org}
}

@inproceedings{Chlipala08,
  author    = {Adam Chlipala},
  title     = {Parametric higher-order abstract syntax for mechanized semantics},
  booktitle = {ICFP},
  pages     = {143--156},
  year      = {2008},
  crossref  = {DBLP:conf/icfp/2008},
  url       = {http://doi.acm.org/10.1145/1411204.1411226},
  doi       = {10.1145/1411204.1411226},
  timestamp = {Sat, 23 Apr 2011 18:03:42 +0200},
  biburl    = {https://dblp.org/rec/bib/conf/icfp/Chlipala08},
  bibsource = {dblp computer science bibliography, https://dblp.org}
}


@inproceedings{ChKLMG11, 
  author    = {Manuel M. T. Chakravarty and
               Gabriele Keller and
               Sean Lee and
               Trevor L. McDonell and
               Vinod Grover},
  title     = {Accelerating Haskell array codes with multicore GPUs},
  booktitle = {Proceedings of the {POPL} 2011 Workshop on Declarative Aspects of
               Multicore Programming, {DAMP} 2011, Austin, TX, USA, January 23, 2011},
  pages     = {3--14},
  year      = {2011},
  crossref  = {DBLP:conf/popl/2011damp},
  url       = {http://doi.acm.org/10.1145/1926354.1926358},
  doi       = {10.1145/1926354.1926358},
  timestamp = {Mon, 14 Feb 2011 10:32:51 +0100},
  biburl    = {https://dblp.org/rec/bib/conf/popl/ChakravartyKLMG11},
  bibsource = {dblp computer science bibliography, https://dblp.org}
}

@proceedings{DBLP:conf/popl/2011damp,
  editor    = {Manuel Carro and
               John H. Reppy},
  title     = {Proceedings of the {POPL} 2011 Workshop on Declarative Aspects of
               Multicore Programming, {DAMP} 2011, Austin, TX, USA, January 23, 2011},
  publisher = {{ACM}},
  year      = {2011},
  isbn      = {978-1-4503-0486-3},
  timestamp = {Mon, 14 Feb 2011 10:31:57 +0100},
  biburl    = {https://dblp.org/rec/bib/conf/popl/2011damp},
  bibsource = {dblp computer science bibliography, https://dblp.org}
}


@inproceedings{KeJe12,
  author    = {Steven Keuchel and
               Johan Jeuring},
  title     = {Generic conversions of abstract syntax representations},
  booktitle = {WGP},
  pages     = {57--68},
  year      = {2012},
  crossref  = {DBLP:conf/icfp/2012wgp},
  url       = {http://doi.acm.org/10.1145/2364394.2364403},
  doi       = {10.1145/2364394.2364403},
  timestamp = {Mon, 18 Jan 2016 16:07:46 +0100},
  biburl    = {https://dblp.org/rec/bib/conf/icfp/KeuchelJ12},
  bibsource = {dblp computer science bibliography, https://dblp.org}
}

@proceedings{DBLP:conf/icfp/2012wgp,
  editor    = {Andres L{\"{o}}h and
               Ronald Garcia},
  title     = {Proceedings of the 8th {ACM} {SIGPLAN} workshop on Generic programming,
               WGP@ICFP 2012, Copenhagen, Denmark, September 9-15, 2012},
  publisher = {{ACM}},
  year      = {2012},
  url       = {http://doi.acm.org/10.1145/2364394},
  doi       = {10.1145/2364394},
  isbn      = {978-1-4503-1576-0},
  timestamp = {Mon, 18 Jan 2016 16:06:41 +0100},
  biburl    = {https://dblp.org/rec/bib/conf/icfp/2012wgp},
  bibsource = {dblp computer science bibliography, https://dblp.org}
}



@inproceedings{YoAG11,
  author    = {Tetsuo Yokoyama and
               Holger Bock Axelsen and
               Robert Gl{\"{u}}ck},
  title     = {Towards a Reversible Functional Language},
  booktitle = {{RC}},
  pages     = {14--29},
  year      = {2011},
  crossref  = {DBLP:conf/rc/2011},
  url       = {https://doi.org/10.1007/978-3-642-29517-1_2},
  doi       = {10.1007/978-3-642-29517-1_2},
  timestamp = {Sat, 16 Sep 2017 12:11:14 +0200},
  biburl    = {https://dblp.org/rec/bib/conf/rc/YokoyamaAG11},
  bibsource = {dblp computer science bibliography, https://dblp.org}
}

@proceedings{DBLP:conf/rc/2011,
  editor    = {Alexis De Vos and
               Robert Wille},
  title     = {Reversible Computation - Third International Workshop, {RC} 2011,
               Gent, Belgium, July 4-5, 2011. Revised Papers},
  series    = {Lecture Notes in Computer Science},
  volume    = {7165},
  publisher = {Springer},
  year      = {2012},
  url       = {https://doi.org/10.1007/978-3-642-29517-1},
  doi       = {10.1007/978-3-642-29517-1},
  isbn      = {978-3-642-29516-4},
  timestamp = {Mon, 05 Jun 2017 12:42:54 +0200},
  biburl    = {https://dblp.org/rec/bib/conf/rc/2011},
  bibsource = {dblp computer science bibliography, https://dblp.org}
}



@article{Hutton92,
  author    = {Graham Hutton},
  title     = {Higher-Order Functions for Parsing},
  journal   = {J. Funct. Program.},
  volume    = {2},
  number    = {3},
  pages     = {323--343},
  year      = {1992},
  url       = {https://doi.org/10.1017/S0956796800000411},
  doi       = {10.1017/S0956796800000411},
  timestamp = {Sat, 27 May 2017 14:24:34 +0200},
  biburl    = {https://dblp.org/rec/bib/journals/jfp/Hutton92},
  bibsource = {dblp computer science bibliography, https://dblp.org}
}



@inproceedings{ClHu00,
  author    = {Koen Claessen and
               John Hughes},
  title     = {QuickCheck: a lightweight tool for random testing of Haskell programs},
  booktitle = {ICFP},
  pages     = {268--279},
  year      = {2000},
  crossref  = {DBLP:conf/icfp/2000},
  url       = {http://doi.acm.org/10.1145/351240.351266},
  doi       = {10.1145/351240.351266},
  timestamp = {Tue, 11 Jun 2013 13:51:25 +0200},
  biburl    = {https://dblp.org/rec/bib/conf/icfp/ClaessenH00},
  bibsource = {dblp computer science bibliography, https://dblp.org}
}

@proceedings{DBLP:conf/icfp/2000,
  editor    = {Martin Odersky and
               Philip Wadler},
  title     = {Proceedings of the Fifth {ACM} {SIGPLAN} International Conference
               on Functional Programming {(ICFP} '00), Montreal, Canada, September
               18-21, 2000},
  publisher = {{ACM}},
  year      = {2000},
  isbn      = {1-58113-202-6},
  timestamp = {Tue, 11 Jun 2013 13:51:25 +0200},
  biburl    = {https://dblp.org/rec/bib/conf/icfp/2000},
  bibsource = {dblp computer science bibliography, https://dblp.org}
}



@inproceedings{DuregardJ11,
  author    = {Jonas Dureg{\aa}rd and
               Patrik Jansson},
  title     = {Embedded parser generators},
  booktitle = {Haskell},
  pages     = {107--117},
  year      = {2011},
  crossref  = {DBLP:conf/haskell/2011},
  url       = {http://doi.acm.org/10.1145/2034675.2034689},
  doi       = {10.1145/2034675.2034689},
  timestamp = {Fri, 02 Jun 2017 20:46:47 +0200},
  biburl    = {https://dblp.org/rec/bib/conf/haskell/DuregardJ11},
  bibsource = {dblp computer science bibliography, https://dblp.org}
}

@proceedings{DBLP:conf/haskell/2011,
  editor    = {Koen Claessen},
  title     = {Proceedings of the 4th {ACM} {SIGPLAN} Symposium on Haskell, Haskell
               2011, Tokyo, Japan, 22 September 2011},
  publisher = {{ACM}},
  year      = {2011},
  isbn      = {978-1-4503-0860-1},
  timestamp = {Fri, 13 Jan 2012 14:09:04 +0100},
  biburl    = {https://dblp.org/rec/bib/conf/haskell/2011},
  bibsource = {dblp computer science bibliography, https://dblp.org}
}



@inproceedings{Kiselyov16,
  author    = {Oleg Kiselyov},
  title     = {Probabilistic Programming Language and its Incremental Evaluation},
  booktitle = {APLAS},
  pages     = {357--376},
  year      = {2016},
  crossref  = {DBLP:conf/aplas/2016},
  url       = {https://doi.org/10.1007/978-3-319-47958-3_19},
  doi       = {10.1007/978-3-319-47958-3_19},
  timestamp = {Fri, 19 May 2017 01:25:54 +0200},
  biburl    = {https://dblp.org/rec/bib/conf/aplas/Kiselyov16},
  bibsource = {dblp computer science bibliography, https://dblp.org}
}

@proceedings{DBLP:conf/aplas/2016,
  editor    = {Atsushi Igarashi},
  title     = {Programming Languages and Systems - 14th Asian Symposium, {APLAS}
               2016, Hanoi, Vietnam, November 21-23, 2016, Proceedings},
  series    = {Lecture Notes in Computer Science},
  volume    = {10017},
  year      = {2016},
  url       = {https://doi.org/10.1007/978-3-319-47958-3},
  doi       = {10.1007/978-3-319-47958-3},
  isbn      = {978-3-319-47957-6},
  timestamp = {Fri, 19 May 2017 01:25:54 +0200},
  biburl    = {https://dblp.org/rec/bib/conf/aplas/2016},
  bibsource = {dblp computer science bibliography, https://dblp.org}
}



@article{Yokoyama10,
  author    = {Tetsuo Yokoyama},
  title     = {Reversible Computation and Reversible Programming Languages},
  journal   = {Electr. Notes Theor. Comput. Sci.},
  volume    = {253},
  number    = {6},
  pages     = {71--81},
  year      = {2010},
  url       = {https://doi.org/10.1016/j.entcs.2010.02.007},
  doi       = {10.1016/j.entcs.2010.02.007},
  timestamp = {Sun, 28 May 2017 13:22:54 +0200},
  biburl    = {https://dblp.org/rec/bib/journals/entcs/Yokoyama10},
  bibsource = {dblp computer science bibliography, https://dblp.org}
}



@article{Hughes00,
  author    = {John Hughes},
  title     = {Generalising monads to arrows},
  journal   = {Sci. Comput. Program.},
  volume    = {37},
  number    = {1-3},
  pages     = {67--111},
  year      = {2000},
  url       = {https://doi.org/10.1016/S0167-6423(99)00023-4},
  doi       = {10.1016/S0167-6423(99)00023-4},
  timestamp = {Sat, 27 May 2017 14:22:55 +0200},
  biburl    = {https://dblp.org/rec/bib/journals/scp/Hughes00},
  bibsource = {dblp computer science bibliography, https://dblp.org}
}

@inproceedings{Paterson01,
  author    = {Ross Paterson},
  title     = {A New Notation for Arrows},
  booktitle = {{ICFP}},
  pages     = {229--240},
  year      = {2001},
  crossref  = {DBLP:conf/icfp/2001},
  url       = {http://doi.acm.org/10.1145/507635.507664},
  doi       = {10.1145/507635.507664},
  timestamp = {Tue, 11 Jun 2013 13:50:18 +0200},
  biburl    = {https://dblp.org/rec/bib/conf/icfp/Paterson01},
  bibsource = {dblp computer science bibliography, https://dblp.org}
}

@proceedings{DBLP:conf/icfp/2001,
  editor    = {Benjamin C. Pierce},
  title     = {Proceedings of the Sixth {ACM} {SIGPLAN} International Conference
               on Functional Programming {(ICFP} '01), Firenze (Florence), Italy,
               September 3-5, 2001},
  publisher = {{ACM}},
  year      = {2001},
  isbn      = {1-58113-415-0},
  timestamp = {Tue, 11 Jun 2013 13:50:18 +0200},
  biburl    = {https://dblp.org/rec/bib/conf/icfp/2001},
  bibsource = {dblp computer science bibliography, https://dblp.org}
}


@article{FiKS11,
  author    = {Sebastian Fischer and
               Oleg Kiselyov and
               Chung{-}chieh Shan},
  title     = {Purely functional lazy nondeterministic programming},
  journal   = {J. Funct. Program.},
  volume    = {21},
  number    = {4-5},
  pages     = {413--465},
  year      = {2011},
  url       = {https://doi.org/10.1017/S0956796811000189},
  doi       = {10.1017/S0956796811000189},
  timestamp = {Sat, 27 May 2017 14:24:34 +0200},
  biburl    = {https://dblp.org/rec/bib/journals/jfp/FischerKS11},
  bibsource = {dblp computer science bibliography, https://dblp.org}
}


@article{BaSV10,
  author    = {Arthur I. Baars and
               S. Doaitse Swierstra and
               Marcos Viera},
  title     = {Typed Transformations of Typed Grammars: The Left Corner Transform},
  journal   = {Electr. Notes Theor. Comput. Sci.},
  volume    = {253},
  number    = {7},
  pages     = {51--64},
  year      = {2010},
  url       = {https://doi.org/10.1016/j.entcs.2010.08.031},
  doi       = {10.1016/j.entcs.2010.08.031},
  timestamp = {Sun, 28 May 2017 13:22:58 +0200},
  biburl    = {https://dblp.org/rec/bib/journals/entcs/BaarsSV10},
  bibsource = {dblp computer science bibliography, https://dblp.org}
}



@article{McPa08,
  author    = {Conor McBride and
               Ross Paterson},
  title     = {Applicative programming with effects},
  journal   = {J. Funct. Program.},
  volume    = {18},
  number    = {1},
  pages     = {1--13},
  year      = {2008},
  url       = {https://doi.org/10.1017/S0956796807006326},
  doi       = {10.1017/S0956796807006326},
  timestamp = {Sat, 27 May 2017 14:24:34 +0200},
  biburl    = {https://dblp.org/rec/bib/journals/jfp/McbrideP08},
  bibsource = {dblp computer science bibliography, https://dblp.org}
}


@book{WinskelBook,
  author    = {Glynn Winskel},
  title     = {The formal semantics of programming languages - an introduction},
  series    = {Foundation of computing series},
  publisher = {{MIT} Press},
  year      = {1993},
  isbn      = {978-0-262-23169-5},
  timestamp = {Thu, 28 Apr 2011 19:43:07 +0200},
  biburl    = {https://dblp.org/rec/bib/books/daglib/0070910},
  bibsource = {dblp computer science bibliography, https://dblp.org}
}

@inproceedings{Atkey09,
  author    = {Robert Atkey},
  title     = {Syntax for Free: Representing Syntax with Binding Using Parametricity},
  booktitle = {Typed Lambda Calculi and Applications, 9th International Conference,
               {TLCA} 2009, Brasilia, Brazil, July 1-3, 2009. Proceedings},
  pages     = {35--49},
  year      = {2009},
  crossref  = {DBLP:conf/tlca/2009},
  url       = {https://doi.org/10.1007/978-3-642-02273-9\_5},
  doi       = {10.1007/978-3-642-02273-9\_5},
  timestamp = {Mon, 05 Jun 2017 12:41:42 +0200},
  biburl    = {https://dblp.org/rec/bib/conf/tlca/Atkey09},
  bibsource = {dblp computer science bibliography, https://dblp.org}
}

@proceedings{DBLP:conf/tlca/2009,
  editor    = {Pierre{-}Louis Curien},
  title     = {Typed Lambda Calculi and Applications, 9th International Conference,
               {TLCA} 2009, Brasilia, Brazil, July 1-3, 2009. Proceedings},
  series    = {Lecture Notes in Computer Science},
  volume    = {5608},
  publisher = {Springer},
  year      = {2009},
  url       = {https://doi.org/10.1007/978-3-642-02273-9},
  doi       = {10.1007/978-3-642-02273-9},
  isbn      = {978-3-642-02272-2},
  timestamp = {Wed, 17 May 2017 14:24:41 +0200},
  biburl    = {https://dblp.org/rec/bib/conf/tlca/2009},
  bibsource = {dblp computer science bibliography, https://dblp.org}
}



@inproceedings{AtLY09,
  author    = {Robert Atkey and
               Sam Lindley and
               Jeremy Yallop},
  title     = {Unembedding domain-specific languages},
  booktitle = {Haskell},
  pages     = {37--48},
  year      = {2009},
  crossref  = {DBLP:conf/haskell/2009},
  url       = {http://doi.acm.org/10.1145/1596638.1596644},
  doi       = {10.1145/1596638.1596644},
  timestamp = {Fri, 02 Jun 2017 20:46:47 +0200},
  biburl    = {https://dblp.org/rec/bib/conf/haskell/AtkeyLY09},
  bibsource = {dblp computer science bibliography, https://dblp.org}
}

@proceedings{DBLP:conf/haskell/2009,
  editor    = {Stephanie Weirich},
  title     = {Proceedings of the 2nd {ACM} {SIGPLAN} Symposium on Haskell, Haskell
               2009, Edinburgh, Scotland, UK, 3 September 2009},
  publisher = {{ACM}},
  year      = {2009},
  isbn      = {978-1-60558-508-6},
  timestamp = {Fri, 29 Jan 2010 14:29:52 +0100},
  biburl    = {https://dblp.org/rec/bib/conf/haskell/2009},
  bibsource = {dblp computer science bibliography, https://dblp.org}
}


@inproceedings{MaWa15,
  author    = {Kazutaka Matsuda and
               Meng Wang},
  title     = {Applicative bidirectional programming with lenses},
  booktitle = {{ICFP}},
  pages     = {62--74},
  year      = {2015},
  crossref  = {DBLP:conf/icfp/2015},
  url       = {http://doi.acm.org/10.1145/2784731.2784750},
  doi       = {10.1145/2784731.2784750},
  timestamp = {Sun, 17 Sep 2017 02:59:10 +0200},
  biburl    = {https://dblp.org/rec/bib/conf/icfp/MatsudaW15},
  bibsource = {dblp computer science bibliography, https://dblp.org}
}

@proceedings{DBLP:conf/icfp/2015,
  editor    = {Kathleen Fisher and
               John H. Reppy},
  title     = {Proceedings of the 20th {ACM} {SIGPLAN} International Conference on
               Functional Programming, {ICFP} 2015, Vancouver, BC, Canada, September
               1-3, 2015},
  publisher = {{ACM}},
  year      = {2015},
  url       = {http://dl.acm.org/citation.cfm?id=2784731},
  isbn      = {978-1-4503-3669-7},
  timestamp = {Tue, 08 Sep 2015 09:21:43 +0200},
  biburl    = {https://dblp.org/rec/bib/conf/icfp/2015},
  bibsource = {dblp computer science bibliography, https://dblp.org}
}



@article{CaKS09,
  author    = {Jacques Carette and
               Oleg Kiselyov and
               Chung{-}chieh Shan},
  title     = {Finally tagless, partially evaluated: Tagless staged interpreters
               for simpler typed languages},
  journal   = {J. Funct. Program.},
  volume    = {19},
  number    = {5},
  pages     = {509--543},
  year      = {2009},
  url       = {https://doi.org/10.1017/S0956796809007205},
  doi       = {10.1017/S0956796809007205},
  timestamp = {Sat, 16 Sep 2017 12:05:52 +0200},
  biburl    = {https://dblp.org/rec/bib/journals/jfp/CaretteKS09},
  bibsource = {dblp computer science bibliography, https://dblp.org}
}


@inproceedings{ZaBa14,
  author    = {Vadim Zaytsev and
               Anya Helene Bagge},
  title     = {Parsing in a Broad Sense},
  booktitle = {Model-Driven Engineering Languages and Systems - 17th International
               Conference, {MODELS} 2014, Valencia, Spain, September 28 - October
               3, 2014. Proceedings},
  pages     = {50--67},
  year      = {2014},
  crossref  = {DBLP:conf/models/2014},
  url       = {https://doi.org/10.1007/978-3-319-11653-2_4},
  doi       = {10.1007/978-3-319-11653-2_4},
  timestamp = {Thu, 25 May 2017 00:43:11 +0200},
  biburl    = {https://dblp.org/rec/bib/conf/models/ZaytsevB14},
  bibsource = {dblp computer science bibliography, https://dblp.org}
}

@proceedings{DBLP:conf/models/2014,
  editor    = {J{\"{u}}rgen Dingel and
               Wolfram Schulte and
               Isidro Ramos and
               Silvia Abrah{\~{a}}o and
               Emilio Insfr{\'{a}}n},
  title     = {Model-Driven Engineering Languages and Systems - 17th International
               Conference, {MODELS} 2014, Valencia, Spain, September 28 - October
               3, 2014. Proceedings},
  series    = {Lecture Notes in Computer Science},
  volume    = {8767},
  publisher = {Springer},
  year      = {2014},
  url       = {https://doi.org/10.1007/978-3-319-11653-2},
  doi       = {10.1007/978-3-319-11653-2},
  isbn      = {978-3-319-11652-5},
  timestamp = {Thu, 25 May 2017 00:43:11 +0200},
  biburl    = {https://dblp.org/rec/bib/conf/models/2014},
  bibsource = {dblp computer science bibliography, https://dblp.org}
}



@inproceedings{Hanus13,
  author    = {Michael Hanus},
  title     = {Functional Logic Programming: From Theory to Curry},
  booktitle = {Programming Logics - Essays in Memory of Harald Ganzinger},
  pages     = {123--168},
  year      = {2013},
  crossref  = {DBLP:conf/birthday/2013ganzinger},
  url       = {https://doi.org/10.1007/978-3-642-37651-1_6},
  doi       = {10.1007/978-3-642-37651-1_6},
  timestamp = {Tue, 23 May 2017 01:06:48 +0200},
  biburl    = {https://dblp.org/rec/bib/conf/birthday/Hanus13},
  bibsource = {dblp computer science bibliography, https://dblp.org}
}

@proceedings{DBLP:conf/birthday/2013ganzinger,
  editor    = {Andrei Voronkov and
               Christoph Weidenbach},
  title     = {Programming Logics - Essays in Memory of Harald Ganzinger},
  series    = {Lecture Notes in Computer Science},
  volume    = {7797},
  publisher = {Springer},
  year      = {2013},
  url       = {https://doi.org/10.1007/978-3-642-37651-1},
  doi       = {10.1007/978-3-642-37651-1},
  isbn      = {978-3-642-37650-4},
  timestamp = {Tue, 23 May 2017 01:06:47 +0200},
  biburl    = {https://dblp.org/rec/bib/conf/birthday/2013ganzinger},
  bibsource = {dblp computer science bibliography, https://dblp.org}
}



@article{FuNT91,
  author    = {Yoshihiko Futamura and
               Kenroku Nogi and
               Akihiko Takano},
  title     = {Essence of Generalized Partial Computation},
  journal   = {Theor. Comput. Sci.},
  volume    = {90},
  number    = {1},
  pages     = {61--79},
  year      = {1991},
  url       = {https://doi.org/10.1016/0304-3975(91)90299-H},
  doi       = {10.1016/0304-3975(91)90299-H},
  timestamp = {Sun, 28 May 2017 13:19:59 +0200},
  biburl    = {https://dblp.org/rec/bib/journals/tcs/FutamuraNT91},
  bibsource = {dblp computer science bibliography, https://dblp.org}
}

@article{FuKG02,
  author    = {Yoshihiko Futamura and
               Zenjiro Konishi and
               Robert Gl{\"{u}}ck},
  title     = {Program Transformation System Based on Generalized Partial Computation},
  journal   = {New Generation Comput.},
  volume    = {20},
  number    = {1},
  pages     = {75--100},
  year      = {2002},
  url       = {https://doi.org/10.1007/BF03037260},
  doi       = {10.1007/BF03037260},
  timestamp = {Sun, 28 May 2017 13:20:53 +0200},
  biburl    = {https://dblp.org/rec/bib/journals/ngc/FutamuraKG01},
  bibsource = {dblp computer science bibliography, https://dblp.org}
}

@inproceedings{SoGJ94,
  author    = {Morten Heine S{\o}rensen and
               Robert Gl{\"{u}}ck and
               Neil D. Jones},
  title     = {Towards Unifying Partial Evaluation, Deforestation, Supercompilation,
               and {GPC}},
  booktitle = {Programming Languages and Systems - ESOP'94, 5th European Symposium
               on Programming, Edinburgh, U.K., April 11-13, 1994, Proceedings},
  pages     = {485--500},
  year      = {1994},
  crossref  = {DBLP:conf/esop/1994},
  url       = {https://doi.org/10.1007/3-540-57880-3_32},
  doi       = {10.1007/3-540-57880-3_32},
  timestamp = {Sat, 20 May 2017 15:32:48 +0200},
  biburl    = {https://dblp.org/rec/bib/conf/esop/SorensenGJ94},
  bibsource = {dblp computer science bibliography, https://dblp.org}
}

@proceedings{DBLP:conf/esop/1994,
  editor    = {Donald Sannella},
  title     = {Programming Languages and Systems - ESOP'94, 5th European Symposium
               on Programming, Edinburgh, U.K., April 11-13, 1994, Proceedings},
  series    = {Lecture Notes in Computer Science},
  volume    = {788},
  publisher = {Springer},
  year      = {1994},
  url       = {https://doi.org/10.1007/3-540-57880-3},
  doi       = {10.1007/3-540-57880-3},
  isbn      = {3-540-57880-3},
  timestamp = {Sat, 20 May 2017 15:32:48 +0200},
  biburl    = {https://dblp.org/rec/bib/conf/esop/1994},
  bibsource = {dblp computer science bibliography, https://dblp.org}
}



@inproceedings{ViWJ87,
  author    = {K. Vijay{-}Shanker and
               David J. Weir and
               Aravind K. Joshi},
  title     = {Characterizing Structural Descriptions produced by Various Grammatical
               Formalisms},
  booktitle = {25th Annual Meeting of the Association for Computational Linguistics,
               Stanford University, Stanford, California, USA, July 6-9, 1987.},
  pages     = {104--111},
  year      = {1987},
  crossref  = {DBLP:conf/acl/1987},
  url       = {http://aclweb.org/anthology/P87-1015},
  timestamp = {Wed, 10 May 2017 15:11:16 +0200},
  biburl    = {https://dblp.org/rec/bib/conf/acl/Vijay-ShankerWJ87},
  bibsource = {dblp computer science bibliography, https://dblp.org}
}

@proceedings{DBLP:conf/acl/1987,
  editor    = {Candy L. Sidner},
  title     = {25th Annual Meeting of the Association for Computational Linguistics,
               Stanford University, Stanford, California, USA, July 6-9, 1987},
  publisher = {{ACL}},
  year      = {1987},
  url       = {http://aclweb.org/anthology/P/P87/},
  timestamp = {Wed, 10 May 2017 15:11:16 +0200},
  biburl    = {https://dblp.org/rec/bib/conf/acl/1987},
  bibsource = {dblp computer science bibliography, https://dblp.org}
}


@article{SeMFK91,
  author    = {Hiroyuki Seki and
               Takashi Matsumura and
               Mamoru Fujii and
               Tadao Kasami},
  title     = {On Multiple Context-Free Grammars},
  journal   = {Theor. Comput. Sci.},
  volume    = {88},
  number    = {2},
  pages     = {191--229},
  year      = {1991},
  url       = {https://doi.org/10.1016/0304-3975(91)90374-B},
  doi       = {10.1016/0304-3975(91)90374-B},
  timestamp = {Sun, 28 May 2017 13:20:06 +0200},
  biburl    = {https://dblp.org/rec/bib/journals/tcs/SekiMFK91},
  bibsource = {dblp computer science bibliography, https://dblp.org}
}



@inproceedings{HuDA17,
  author    = {Qinheping Hu and
               Loris D'Antoni},
  title     = {Automatic program inversion using symbolic transducers},
  booktitle = {PLDI},
  pages     = {376--389},
  year      = {2017},
  crossref  = {DBLP:conf/pldi/2017},
  url       = {http://doi.acm.org/10.1145/3062341.3062345},
  doi       = {10.1145/3062341.3062345},
  timestamp = {Mon, 19 Jun 2017 08:37:26 +0200},
  biburl    = {https://dblp.org/rec/bib/conf/pldi/HuD17},
  bibsource = {dblp computer science bibliography, https://dblp.org}
}

@proceedings{DBLP:conf/pldi/2017,
  editor    = {Albert Cohen and
               Martin T. Vechev},
  title     = {Proceedings of the 38th {ACM} {SIGPLAN} Conference on Programming
               Language Design and Implementation, {PLDI} 2017, Barcelona, Spain,
               June 18-23, 2017},
  publisher = {{ACM}},
  year      = {2017},
  url       = {http://doi.acm.org/10.1145/3062341},
  doi       = {10.1145/3062341},
  isbn      = {978-1-4503-4988-8},
  timestamp = {Mon, 19 Jun 2017 08:31:46 +0200},
  biburl    = {https://dblp.org/rec/bib/conf/pldi/2017},
  bibsource = {dblp computer science bibliography, https://dblp.org}
}


@article{MaIN12HOSC,
  author    = {Kazutaka Matsuda and
               Kazuhiro Inaba and
               Keisuke Nakano},
  title     = {Polynomial-time inverse computation for accumulative functions with
               multiple data traversals},
  journal   = {Higher-Order and Symbolic Computation},
  volume    = {25},
  number    = {1},
  pages     = {3--38},
  year      = {2012},
  url       = {https://doi.org/10.1007/s10990-013-9097-8},
  doi       = {10.1007/s10990-013-9097-8},
  timestamp = {Fri, 26 May 2017 22:50:49 +0200},
  biburl    = {https://dblp.org/rec/bib/journals/lisp/MatsudaIN12},
  bibsource = {dblp computer science bibliography, https://dblp.org}
}


@article{Knuth68,
  author    = {Donald E. Knuth},
  title     = {Semantics of Context-Free Languages},
  journal   = {Mathematical Systems Theory},
  volume    = {2},
  number    = {2},
  pages     = {127--145},
  year      = {1968},
  url       = {https://doi.org/10.1007/BF01692511},
  doi       = {10.1007/BF01692511},
  timestamp = {Sun, 28 May 2017 13:18:24 +0200},
  biburl    = {https://dblp.org/rec/bib/journals/mst/Knuth68},
  bibsource = {dblp computer science bibliography, https://dblp.org}
}


@inproceedings{PoKr14,
  author    = {Justin Pombrio and
               Shriram Krishnamurthi},
  title     = {Resugaring: lifting evaluation sequences through syntactic sugar},
  booktitle = {{ACM} {SIGPLAN} Conference on Programming Language Design and Implementation,
               {PLDI} '14, Edinburgh, United Kingdom - June 09 - 11, 2014},
  pages     = {361--371},
  year      = {2014},
  crossref  = {DBLP:conf/pldi/2014},
  url       = {http://doi.acm.org/10.1145/2594291.2594319},
  doi       = {10.1145/2594291.2594319},
  timestamp = {Tue, 20 Dec 2016 10:12:01 +0100},
  biburl    = {https://dblp.org/rec/bib/conf/pldi/PombrioK14},
  bibsource = {dblp computer science bibliography, https://dblp.org}
}

@proceedings{DBLP:conf/pldi/2014,
  editor    = {Michael F. P. O'Boyle and
               Keshav Pingali},
  title     = {{ACM} {SIGPLAN} Conference on Programming Language Design and Implementation,
               {PLDI} '14, Edinburgh, United Kingdom - June 09 - 11, 2014},
  publisher = {{ACM}},
  year      = {2014},
  url       = {http://dl.acm.org/citation.cfm?id=2594291},
  isbn      = {978-1-4503-2784-8},
  timestamp = {Sat, 10 May 2014 14:18:27 +0200},
  biburl    = {https://dblp.org/rec/bib/conf/pldi/2014},
  bibsource = {dblp computer science bibliography, https://dblp.org}
}



@inproceedings{ZhZKMSH16,
  author    = {Zirun Zhu and
               Yongzhe Zhang and
               Hsiang{-}Shang Ko and
               Pedro Martins and
               Jo{\~{a}}o Saraiva and
               Zhenjiang Hu},
  title     = {Parsing and reflective printing, bidirectionally},
  booktitle = {Proceedings of the 2016 {ACM} {SIGPLAN} International Conference on
               Software Language Engineering, Amsterdam, The Netherlands, October
               31 - November 1, 2016},
  pages     = {2--14},
  year      = {2016},
  crossref  = {DBLP:conf/sle/2016},
  url       = {http://dl.acm.org/citation.cfm?id=2997369},
  timestamp = {Fri, 02 Dec 2016 11:57:01 +0100},
  biburl    = {https://dblp.org/rec/bib/conf/sle/ZhuZK0SH16},
  bibsource = {dblp computer science bibliography, https://dblp.org}
}

@proceedings{DBLP:conf/sle/2016,
  editor    = {Tijs van der Storm and
               Emilie Balland and
               D{\'{a}}niel Varr{\'{o}}},
  title     = {Proceedings of the 2016 {ACM} {SIGPLAN} International Conference on
               Software Language Engineering, Amsterdam, The Netherlands, October
               31 - November 1, 2016},
  publisher = {{ACM}},
  year      = {2016},
  url       = {http://doi.acm.org/10.1145/2997364},
  doi       = {10.1145/2997364},
  isbn      = {978-1-4503-4447-0},
  timestamp = {Fri, 02 Dec 2016 11:24:40 +0100},
  biburl    = {https://dblp.org/rec/bib/conf/sle/2016},
  bibsource = {dblp computer science bibliography, https://dblp.org}
}


@inproceedings{KoZH16,
  author    = {Hsiang{-}Shang Ko and
               Tao Zan and
               Zhenjiang Hu},
  title     = {BiGUL: a formally verified core language for putback-based bidirectional
               programming},
  booktitle = {Proceedings of the 2016 {ACM} {SIGPLAN} Workshop on Partial Evaluation
               and Program Manipulation, {PEPM} 2016, St. Petersburg, FL, USA, January
               20 - 22, 2016},
  pages     = {61--72},
  year      = {2016},
  crossref  = {DBLP:conf/pepm/2016},
  url       = {http://doi.acm.org/10.1145/2847538.2847544},
  doi       = {10.1145/2847538.2847544},
  timestamp = {Fri, 08 Jan 2016 18:25:53 +0100},
  biburl    = {https://dblp.org/rec/bib/conf/pepm/KoZH16},
  bibsource = {dblp computer science bibliography, https://dblp.org}
}

@proceedings{DBLP:conf/pepm/2016,
  editor    = {Martin Erwig and
               Tiark Rompf},
  title     = {Proceedings of the 2016 {ACM} {SIGPLAN} Workshop on Partial Evaluation
               and Program Manipulation, {PEPM} 2016, St. Petersburg, FL, USA, January
               20 - 22, 2016},
  publisher = {{ACM}},
  year      = {2016},
  url       = {http://dl.acm.org/citation.cfm?id=2847538},
  isbn      = {978-1-4503-4097-7},
  timestamp = {Fri, 08 Jan 2016 18:25:07 +0100},
  biburl    = {https://dblp.org/rec/bib/conf/pepm/2016},
  bibsource = {dblp computer science bibliography, https://dblp.org}
}



@inproceedings{MaWa18esop,
  author    = {Kazutaka Matsuda and
               Meng Wang},
  title     = {HOBiT: Programming Lenses Without Using Lens Combinators},
  booktitle = {{ESOP}},
  pages     = {31--59},
  year      = {2018},
  crossref  = {DBLP:conf/esop/2018},
  url       = {https://doi.org/10.1007/978-3-319-89884-1_2},
  doi       = {10.1007/978-3-319-89884-1_2},
  timestamp = {Mon, 16 Apr 2018 12:46:25 +0200},
  biburl    = {https://dblp.org/rec/bib/conf/esop/Matsuda018},
  bibsource = {dblp computer science bibliography, https://dblp.org}
}

@proceedings{DBLP:conf/esop/2018,
  editor    = {Amal Ahmed},
  title     = {Programming Languages and Systems - 27th European Symposium on Programming,
               {ESOP} 2018, Held as Part of the European Joint Conferences on Theory
               and Practice of Software, {ETAPS} 2018, Thessaloniki, Greece, April
               14-20, 2018, Proceedings},
  series    = {Lecture Notes in Computer Science},
  volume    = {10801},
  publisher = {Springer},
  year      = {2018},
  url       = {https://doi.org/10.1007/978-3-319-89884-1},
  doi       = {10.1007/978-3-319-89884-1},
  isbn      = {978-3-319-89883-4},
  timestamp = {Mon, 16 Apr 2018 12:35:03 +0200},
  biburl    = {https://dblp.org/rec/bib/conf/esop/2018},
  bibsource = {dblp computer science bibliography, https://dblp.org}
}



@inproceedings{Adams13,
  author    = {Michael D. Adams},
  title     = {Principled parsing for indentation-sensitive languages: revisiting
               landin's offside rule},
  booktitle = {The 40th Annual {ACM} {SIGPLAN-SIGACT} Symposium on Principles of
               Programming Languages, {POPL} '13, Rome, Italy - January 23 - 25,
               2013},
  pages     = {511--522},
  year      = {2013},
  crossref  = {DBLP:conf/popl/2013},
  url       = {http://doi.acm.org/10.1145/2429069.2429129},
  doi       = {10.1145/2429069.2429129},
  timestamp = {Tue, 06 Mar 2018 17:05:10 +0100},
  biburl    = {https://dblp.org/rec/bib/conf/popl/Adams13},
  bibsource = {dblp computer science bibliography, https://dblp.org}
}

@proceedings{DBLP:conf/popl/2013,
  editor    = {Roberto Giacobazzi and
               Radhia Cousot},
  title     = {The 40th Annual {ACM} {SIGPLAN-SIGACT} Symposium on Principles of
               Programming Languages, {POPL} '13, Rome, Italy - January 23 - 25,
               2013},
  publisher = {{ACM}},
  year      = {2013},
  url       = {http://dl.acm.org/citation.cfm?id=2429069},
  isbn      = {978-1-4503-1832-7},
  timestamp = {Fri, 18 Jan 2013 17:48:28 +0100},
  biburl    = {https://dblp.org/rec/bib/conf/popl/2013},
  bibsource = {dblp computer science bibliography, https://dblp.org}
}



@book{PEBook,
  author    = {Neil D. Jones and
               Carsten K. Gomard and
               Peter Sestoft},
  title     = {Partial evaluation and automatic program generation},
  series    = {Prentice Hall international series in computer science},
  publisher = {Prentice Hall},
  year      = {1993},
  isbn      = {978-0-13-020249-9},
  timestamp = {Fri, 08 Apr 2011 18:21:02 +0200},
  biburl    = {https://dblp.org/rec/bib/books/daglib/0072559},
  bibsource = {dblp computer science bibliography, https://dblp.org}
}

@article{GoJo91,
  author    = {Carsten K. Gomard and
               Neil D. Jones},
  title     = {A Partial Evaluator for the Untyped lambda-Calculus},
  journal   = {J. Funct. Program.},
  volume    = {1},
  number    = {1},
  pages     = {21--69},
  year      = {1991},
  url       = {https://doi.org/10.1017/S0956796800000058},
  doi       = {10.1017/S0956796800000058},
  timestamp = {Sat, 27 May 2017 14:24:34 +0200},
  biburl    = {https://dblp.org/rec/bib/journals/jfp/GomardJ91},
  bibsource = {dblp computer science bibliography, https://dblp.org}
}

@inproceedings{MiDS11,
  author    = {Matthew Might and
               David Darais and
               Daniel Spiewak},
  title     = {Parsing with derivatives: a functional pearl},
  booktitle = {Proceeding of the 16th {ACM} {SIGPLAN} international conference on
               Functional Programming, {ICFP} 2011, Tokyo, Japan, September 19-21,
               2011},
  pages     = {189--195},
  year      = {2011},
  crossref  = {DBLP:conf/icfp/2011},
  url       = {http://doi.acm.org/10.1145/2034773.2034801},
  doi       = {10.1145/2034773.2034801},
  timestamp = {Thu, 22 Sep 2011 12:28:20 +0200},
  biburl    = {https://dblp.org/rec/bib/conf/icfp/MightDS11},
  bibsource = {dblp computer science bibliography, https://dblp.org}
}

@proceedings{DBLP:conf/icfp/2011,
  editor    = {Manuel M. T. Chakravarty and
               Zhenjiang Hu and
               Olivier Danvy},
  title     = {Proceeding of the 16th {ACM} {SIGPLAN} international conference on
               Functional Programming, {ICFP} 2011, Tokyo, Japan, September 19-21,
               2011},
  publisher = {{ACM}},
  year      = {2011},
  isbn      = {978-1-4503-0865-6},
  timestamp = {Thu, 22 Sep 2011 12:22:33 +0200},
  biburl    = {https://dblp.org/rec/bib/conf/icfp/2011},
  bibsource = {dblp computer science bibliography, https://dblp.org}
}



@article{ScJo10,
  author    = {Elizabeth Scott and
               Adrian Johnstone},
  title     = {{GLL} Parsing},
  journal   = {Electr. Notes Theor. Comput. Sci.},
  volume    = {253},
  number    = {7},
  pages     = {177--189},
  year      = {2010},
  url       = {https://doi.org/10.1016/j.entcs.2010.08.041},
  doi       = {10.1016/j.entcs.2010.08.041},
  timestamp = {Sun, 28 May 2017 13:22:56 +0200},
  biburl    = {https://dblp.org/rec/bib/journals/entcs/ScottJ10},
  bibsource = {dblp computer science bibliography, https://dblp.org}
}


@inproceedings{Tomita85,
  author    = {Masaru Tomita},
  title     = {An Efficient Context-Free Parsing Algorithm for Natural Languages},
  booktitle = {Proceedings of the 9th International Joint Conference on Artificial
               Intelligence. Los Angeles, CA, USA, August 1985},
  pages     = {756--764},
  year      = {1985},
  crossref  = {DBLP:conf/ijcai/1985},
  url       = {http://ijcai.org/Proceedings/85-2/Papers/014.pdf},
  timestamp = {Tue, 19 Jul 2016 15:25:57 +0200},
  biburl    = {https://dblp.org/rec/bib/conf/ijcai/Tomita85},
  bibsource = {dblp computer science bibliography, https://dblp.org}
}

@proceedings{DBLP:conf/ijcai/1985,
  editor    = {Aravind K. Joshi},
  title     = {Proceedings of the 9th International Joint Conference on Artificial
               Intelligence. Los Angeles, CA, USA, August 1985},
  publisher = {Morgan Kaufmann},
  year      = {1985},
  url       = {http://ijcai.org/proceedings/1985-1},
  timestamp = {Tue, 19 Jul 2016 15:25:57 +0200},
  biburl    = {https://dblp.org/rec/bib/conf/ijcai/1985},
  bibsource = {dblp computer science bibliography, https://dblp.org}
}


@inproceedings{McNe04,
  author    = {Scott McPeak and
               George C. Necula},
  title     = {Elkhound: {A} Fast, Practical {GLR} Parser Generator},
  booktitle = {Compiler Construction, 13th International Conference, {CC} 2004, Held
               as Part of the Joint European Conferences on Theory and Practice of
               Software, {ETAPS} 2004, Barcelona, Spain, March 29 - April 2, 2004,
               Proceedings},
  pages     = {73--88},
  year      = {2004},
  crossref  = {DBLP:conf/cc/2004},
  url       = {https://doi.org/10.1007/978-3-540-24723-4_6},
  doi       = {10.1007/978-3-540-24723-4_6},
  timestamp = {Mon, 29 May 2017 16:53:44 +0200},
  biburl    = {https://dblp.org/rec/bib/conf/cc/McPeakN04},
  bibsource = {dblp computer science bibliography, https://dblp.org}
}

@proceedings{DBLP:conf/cc/2004,
  editor    = {Evelyn Duesterwald},
  title     = {Compiler Construction, 13th International Conference, {CC} 2004, Held
               as Part of the Joint European Conferences on Theory and Practice of
               Software, {ETAPS} 2004, Barcelona, Spain, March 29 - April 2, 2004,
               Proceedings},
  series    = {Lecture Notes in Computer Science},
  volume    = {2985},
  publisher = {Springer},
  year      = {2004},
  url       = {https://doi.org/10.1007/b95956},
  doi       = {10.1007/b95956},
  isbn      = {3-540-21297-3},
  timestamp = {Mon, 29 May 2017 16:53:44 +0200},
  biburl    = {https://dblp.org/rec/bib/conf/cc/2004},
  bibsource = {dblp computer science bibliography, https://dblp.org}
}


@inproceedings{MaWa13,
  author    = {Kazutaka Matsuda and
               Meng Wang},
  title     = {{FliPpr}: {A} Prettier Invertible Printing System},
  booktitle = {ESOP},
  pages     = {101--120},
  year      = {2013},
  crossref  = {DBLP:conf/esop/2013},
  url       = {https://doi.org/10.1007/978-3-642-37036-6_6},
  doi       = {10.1007/978-3-642-37036-6_6},
  timestamp = {Sun, 17 Sep 2017 02:59:10 +0200},
  biburl    = {http://dblp.org/rec/bib/conf/esop/MatsudaW13},
  bibsource = {dblp computer science bibliography, http://dblp.org}
}


@proceedings{DBLP:conf/esop/2013,
  editor    = {Matthias Felleisen and
               Philippa Gardner},
  title     = {Programming Languages and Systems - 22nd European Symposium on Programming,
               {ESOP} 2013, Held as Part of the European Joint Conferences on Theory
               and Practice of Software, {ETAPS} 2013, Rome, Italy, March 16-24,
               2013. Proceedings},
  series    = {Lecture Notes in Computer Science},
  volume    = {7792},
  publisher = {Springer},
  year      = {2013},
  url       = {https://doi.org/10.1007/978-3-642-37036-6},
  doi       = {10.1007/978-3-642-37036-6},
  isbn      = {978-3-642-37035-9},
  timestamp = {Fri, 19 May 2017 01:25:18 +0200},
  biburl    = {http://dblp.org/rec/bib/conf/esop/2013},
  bibsource = {dblp computer science bibliography, http://dblp.org}
}



@inproceedings{Danielsson13,
  author    = {Nils Anders Danielsson},
  title     = {Correct-by-construction pretty-printing},
  booktitle = {DTP},
  pages     = {1--12},
  year      = {2013},
  crossref  = {DBLP:conf/icfp/2013dtp},
  url       = {http://doi.acm.org/10.1145/2502409.2502410},
  doi       = {10.1145/2502409.2502410},
  timestamp = {Fri, 17 Jun 2016 07:52:31 +0200},
  biburl    = {http://dblp.org/rec/bib/conf/icfp/Danielsson13},
  bibsource = {dblp computer science bibliography, http://dblp.org}
}

@proceedings{DBLP:conf/icfp/2013dtp,
  editor    = {Stephanie Weirich},
  title     = {Proceedings of the 2013 {ACM} {SIGPLAN} workshop on Dependently-typed
               programming, DTP@ICFP 2013, Boston, Massachusetts, USA, September
               24, 2013},
  publisher = {{ACM}},
  year      = {2013},
  url       = {http://doi.acm.org/10.1145/2502409},
  doi       = {10.1145/2502409},
  isbn      = {978-1-4503-2384-0},
  timestamp = {Fri, 17 Jun 2016 07:52:03 +0200},
  biburl    = {http://dblp.org/rec/bib/conf/icfp/2013dtp},
  bibsource = {dblp computer science bibliography, http://dblp.org}
}



@inproceedings{DaNo08,
  author    = {Nils Anders Danielsson and
               Ulf Norell},
  title     = {Parsing Mixfix Operators},
  booktitle = {Implementation and Application of Functional Languages - 20th International
               Symposium, {IFL} 2008, Hatfield, UK, September 10-12, 2008. Revised
               Selected Papers},
  pages     = {80--99},
  year      = {2008},
  crossref  = {DBLP:conf/ifl/2008},
  url       = {https://doi.org/10.1007/978-3-642-24452-0_5},
  doi       = {10.1007/978-3-642-24452-0_5},
  timestamp = {Thu, 25 May 2017 00:42:10 +0200},
  biburl    = {http://dblp.org/rec/bib/conf/ifl/DanielssonN08},
  bibsource = {dblp computer science bibliography, http://dblp.org}
}

@proceedings{DBLP:conf/ifl/2008,
  editor    = {Sven{-}Bodo Scholz and
               Olaf Chitil},
  title     = {Implementation and Application of Functional Languages - 20th International
               Symposium, {IFL} 2008, Hatfield, UK, September 10-12, 2008. Revised
               Selected Papers},
  series    = {Lecture Notes in Computer Science},
  volume    = {5836},
  publisher = {Springer},
  year      = {2011},
  url       = {https://doi.org/10.1007/978-3-642-24452-0},
  doi       = {10.1007/978-3-642-24452-0},
  isbn      = {978-3-642-24451-3},
  timestamp = {Thu, 25 May 2017 00:42:10 +0200},
  biburl    = {http://dblp.org/rec/bib/conf/ifl/2008},
  bibsource = {dblp computer science bibliography, http://dblp.org}
}



@inproceedings{AlMa04,
  author    = {Rajeev Alur and
               P. Madhusudan},
  title     = {Visibly pushdown languages},
  booktitle = {Proceedings of the 36th Annual {ACM} Symposium on Theory of Computing,
               Chicago, IL, USA, June 13-16, 2004},
  pages     = {202--211},
  year      = {2004},
  crossref  = {DBLP:conf/stoc/2004},
  url       = {http://doi.acm.org/10.1145/1007352.1007390},
  doi       = {10.1145/1007352.1007390},
  timestamp = {Wed, 15 Feb 2006 09:55:49 +0100},
  biburl    = {http://dblp.org/rec/bib/conf/stoc/AlurM04},
  bibsource = {dblp computer science bibliography, http://dblp.org}
}

@proceedings{DBLP:conf/stoc/2004,
  editor    = {L{\'{a}}szl{\'{o}} Babai},
  title     = {Proceedings of the 36th Annual {ACM} Symposium on Theory of Computing,
               Chicago, IL, USA, June 13-16, 2004},
  publisher = {{ACM}},
  year      = {2004},
  isbn      = {1-58113-852-0},
  timestamp = {Fri, 03 Sep 2004 08:58:11 +0200},
  biburl    = {http://dblp.org/rec/bib/conf/stoc/2004},
  bibsource = {dblp computer science bibliography, http://dblp.org}
}


@Inbook{MoNe01,
author="Mohri, Mehryar
and Nederhof, Mark-Jan",
editor="Junqua, Jean-Claude
and van Noord, Gertjan",
title="Regular Approximation of Context-Free Grammars through Transformation",
bookTitle="Robustness in Language and Speech Technology",
year="2001",
publisher="Springer Netherlands",
address="Dordrecht",
pages="153--163",
abstract="We present an algorithm for approximating context-free languages with regular languages. The algorithm is based on a simple transformation that applies to any context-free grammar and guarantees that the result can be compiled into a finite automaton. The resulting grammar contains at most one new nonterminal for any nonterminal symbol of the input grammar. The result thus remains readable and if necessary modifiable. We extend the approximation algorithm to the case of weighted context-free grammars. We also report experiments with several grammars showing that the size of the minimal deterministic automata accepting the resulting approximations is of practical use for applications such as speech recognition.",
isbn="978-94-015-9719-7",
doi="10.1007/978-94-015-9719-7_6",
url="https://doi.org/10.1007/978-94-015-9719-7_6"
}



@article{SwCh09,
  author    = {S. Doaitse Swierstra and
               Olaf Chitil},
  title     = {Linear, bounded, functional pretty-printing},
  journal   = {J. Funct. Program.},
  volume    = {19},
  number    = {1},
  pages     = {1--16},
  year      = {2009},
  url       = {https://doi.org/10.1017/S0956796808006990},
  doi       = {10.1017/S0956796808006990},
  timestamp = {Sat, 27 May 2017 14:24:34 +0200},
  biburl    = {http://dblp.org/rec/bib/journals/jfp/SwierstraC09},
  bibsource = {dblp computer science bibliography, http://dblp.org}
}



@inproceedings{KiJS12,
  author    = {Oleg Kiselyov and
               Simon L. {Peyton Jones} and
               Amr Sabry},
  title     = {Lazy v. Yield: Incremental, Linear Pretty-Printing},
  booktitle = {Programming Languages and Systems - 10th Asian Symposium, {APLAS}},
  pages     = {190--206},
  year      = {2012},
  crossref  = {DBLP:conf/aplas/2012},
  url       = {https://doi.org/10.1007/978-3-642-35182-2_14},
  doi       = {10.1007/978-3-642-35182-2_14},
  timestamp = {Fri, 19 May 2017 01:25:54 +0200},
  biburl    = {http://dblp.org/rec/bib/conf/aplas/KiselyovJS12},
  bibsource = {dblp computer science bibliography, http://dblp.org}
}

@proceedings{DBLP:conf/aplas/2012,
  editor    = {Ranjit Jhala and
               Atsushi Igarashi},
  title     = {Programming Languages and Systems - 10th Asian Symposium, {APLAS}
               2012, Kyoto, Japan, December 11-13, 2012. Proceedings},
  series    = {Lecture Notes in Computer Science},
  volume    = {7705},
  publisher = {Springer},
  year      = {2012},
  url       = {https://doi.org/10.1007/978-3-642-35182-2},
  doi       = {10.1007/978-3-642-35182-2},
  isbn      = {978-3-642-35181-5},
  timestamp = {Fri, 19 May 2017 01:25:54 +0200},
  biburl    = {http://dblp.org/rec/bib/conf/aplas/2012},
  bibsource = {dblp computer science bibliography, http://dblp.org}
}


@article{Bernardy17,
  author    = {Jean{-}Philippe Bernardy},
  title     = {A pretty but not greedy printer (functional pearl)},
  journal   = {{PACMPL}},
  volume    = {1},
  number    = {{ICFP}},
  pages     = {6:1--6:21},
  year      = {2017},
  url       = {http://doi.acm.org/10.1145/3110250},
  doi       = {10.1145/3110250},
  timestamp = {Tue, 12 Sep 2017 16:16:51 +0200},
  biburl    = {http://dblp.org/rec/bib/journals/pacmpl/Bernardy17},
  bibsource = {dblp computer science bibliography, http://dblp.org}
}

@inproceedings{KoTU10,
  author    = {Naoki Kobayashi and
               Naoshi Tabuchi and
               Hiroshi Unno},
  title     = {Higher-order multi-parameter tree transducers and recursion
               schemes for program verification},
  booktitle = {POPL},
  year      = {2010},
  pages     = {495-508},
  ee        = {http://doi.acm.org/10.1145/1706299.1706355},
  crossref  = {DBLP:conf/popl/2010},
  bibsource = {DBLP, http://dblp.uni-trier.de}
}

@Misc{MetaEnvironment,
  author =    {Paul Klint and Jurgen Vinju},
  title =     {The Architecture of The Meta-Environment},
  note =      {Available on: \url{http://www.meta-environment.org/doc/books//meta-environment/architecture-meta-environment/architecture-meta-environment.pdf}}}

@TechReport{Syn,
  author =       {Boulton, Richard J},
  title =        {{S}yn: a single language for specifiying abstract syntax tress, lexical analysis, parsing and pretty-printing},
  institution =  {University of Cambridge Computer Laboratory},
  year =         1996,
  number =    {UCAM-CL-TR-390}}

@proceedings{DBLP:conf/popl/2010,
  editor    = {Manuel V. Hermenegildo and
               Jens Palsberg},
  title     = {Proceedings of the 37th ACM SIGPLAN-SIGACT Symposium on
               Principles of Programming Languages, POPL 2010, Madrid,
               Spain, January 17-23, 2010},
  booktitle = {POPL},
  publisher = {ACM},
  year      = {2010},
  isbn      = {978-1-60558-479-9},
  ee        = {http://dl.acm.org/citation.cfm?id=1706299},
  bibsource = {DBLP, http://dblp.uni-trier.de}
}

@inproceedings{Duregard:2011:EPG:2034675.2034689,
 author = {Dureg{\aa}rd, Jonas and Jansson, Patrik},
 title = {Embedded parser generators},
 booktitle = {Proceedings of the 4th ACM symposium on Haskell},
 series = {Haskell '11},
 year = {2011},
 isbn = {978-1-4503-0860-1},
 location = {Tokyo, Japan},
 pages = {107--117},
 numpages = {11},
 url = {http://doi.acm.org/10.1145/2034675.2034689},
 doi = {10.1145/2034675.2034689},
 acmid = {2034689},
 publisher = {ACM},
 address = {New York, NY, USA},
 keywords = {domain specific languages, metaprogramming},
} 
@inproceedings{feat,
 author = {Dureg{\aa}rd, Jonas and Jansson, Patrik and Wang, Meng},
 title = {Feat: functional enumeration of algebraic types},
 booktitle = {Haskell symposium},
 series = {Haskell '12},
 year = {2012},
 isbn = {978-1-4503-1574-6},
 location = {Copenhagen, Denmark},
 pages = {61--72},
 numpages = {12},
 url = {http://doi.acm.org/10.1145/2364506.2364515},
 doi = {10.1145/2364506.2364515},
 acmid = {2364515},
 publisher = {ACM},
 address = {New York, NY, USA},
 keywords = {enumeration, memoisation, property-based testing},
} 
@article{Sands96,
  author    = {David Sands},
  title     = {Proving the Correctness of Recursion-Based Automatic Program
               Transformations},
  journal   = {Theor. Comput. Sci.},
  volume    = {167},
  number    = {1{\&}2},
  year      = {1996},
  pages     = {193-233},
  ee        = {http://dx.doi.org/10.1016/0304-3975(96)00074-6},
  bibsource = {DBLP, http://dblp.uni-trier.de}
}
@article{SoSe92,
  author    = {Harald S{\o}ndergaard and
               Peter Sestoft},
  title     = {Non-Determinism in Functional Languages},
  journal   = {Comput. J.},
  volume    = {35},
  number    = {5},
  year      = {1992},
  pages     = {514-523},
  ee        = {http://dx.doi.org/10.1093/comjnl/35.5.514},
  bibsource = {DBLP, http://dblp.uni-trier.de}
}

@article{Baker79,
  author    = {Brenda S. Baker},
  title     = {Composition of Top-Down and Bottom-Up Tree Transductions},
  journal   = {Information and Control},
  volume    = {41},
  number    = {2},
  year      = {1979},
  pages     = {186-213},
  bibsource = {DBLP, http://dblp.uni-trier.de}
}
@article{JaJe02,
  author    = {Patrik Jansson and
               Johan Jeuring},
  title     = {Polytypic data conversion programs},
  journal   = {Sci. Comput. Program.},
  volume    = {43},
  number    = {1},
  year      = {2002},
  pages     = {35-75},
  ee        = {http://dx.doi.org/10.1016/S0167-6423(01)00020-X},
  bibsource = {DBLP, http://dblp.uni-trier.de}
}
@inproceedings{Fischer68,
  author    = {Michael J. Fischer},
  title     = {Grammars with Macro-Like Productions},
  booktitle = {SWAT (FOCS)},
  year      = {1968},
  pages     = {131-142},
  ee        = {http://doi.ieeecomputersociety.org/10.1109/SWAT.1968.12},
  crossref  = {DBLP:conf/focs/FOCS9},
  bibsource = {DBLP, http://dblp.uni-trier.de}
}

@proceedings{DBLP:conf/focs/FOCS9,
  title     = {9th Annual Symposium on Switching and Automata Theory, Schenectady,
               New York, USA, October 15-18, 1968},
  booktitle = {SWAT (FOCS)},
  publisher = {IEEE Computer Society},
  year      = {1968},
  bibsource = {DBLP, http://dblp.uni-trier.de}
}

@inproceedings{JoNo09,
  author    = {Peter A. Jonsson and
               Johan Nordlander},
  title     = {Positive supercompilation for a higher order call-by-value
               language},
  booktitle = {POPL},
  year      = {2009},
  pages     = {277-288},
  ee        = {http://doi.acm.org/10.1145/1480881.1480916},
  crossref  = {DBLP:conf/popl/2009},
  bibsource = {DBLP, http://dblp.uni-trier.de}
}


@inproceedings{KuGK01,
  author    = {Armin K{\"u}hnemann and
               Robert Gl{\"u}ck and
               Kazuhiko Kakehi},
  title     = {Relating Accumulative and Non-accumulative Functional Programs},
  booktitle = {RTA},
  year      = {2001},
  pages     = {154-168},
  ee        = {http://dx.doi.org/10.1007/3-540-45127-7_13},
  crossref  = {DBLP:conf/rta/2001},
  bibsource = {DBLP, http://dblp.uni-trier.de}
}

@proceedings{DBLP:conf/rta/2001,
  editor    = {Aart Middeldorp},
  title     = {Rewriting Techniques and Applications, 12th International
               Conference, RTA 2001, Utrecht, The Netherlands, May 22-24,
               2001, Proceedings},
  booktitle = {RTA},
  publisher = {Springer},
  series    = {Lecture Notes in Computer Science},
  volume    = {2051},
  year      = {2001},
  isbn      = {3-540-42117-3},
  bibsource = {DBLP, http://dblp.uni-trier.de}
}

@article{FGMPS07,
  author    = {J. Nathan Foster and
               Michael B. Greenwald and
               Jonathan T. Moore and
               Benjamin C. Pierce and
               Alan Schmitt},
  title     = {Combinators for bidirectional tree transformations: A linguistic
               approach to the view-update problem},
  journal   = {ACM Trans. Program. Lang. Syst.},
  volume    = {29},
  number    = {3},
  year      = {2007},
  ee        = {http://doi.acm.org/10.1145/1232420.1232424},
  bibsource = {DBLP, http://dblp.uni-trier.de}
}
@inproceedings{FoPP08,
  author    = {J. Nathan Foster and
               Alexandre Pilkiewicz and
               Benjamin C. Pierce},
  title     = {Quotient lenses},
  booktitle = {ICFP},
  year      = {2008},
  pages     = {383-396},
  ee        = {http://doi.acm.org/10.1145/1411204.1411257},
  crossref  = {DBLP:conf/icfp/2008},
  bibsource = {DBLP, http://dblp.uni-trier.de}
}

@proceedings{DBLP:conf/icfp/2008,
  editor    = {James Hook and
               Peter Thiemann},
  title     = {Proceeding of the 13th ACM SIGPLAN international conference
               on Functional programming, ICFP 2008, Victoria, BC, Canada,
               September 20-28, 2008},
  booktitle = {ICFP},
  publisher = {ACM},
  year      = {2008},
  isbn      = {978-1-59593-919-7},
  bibsource = {DBLP, http://dblp.uni-trier.de}
}

@article{HoPi03,
  author    = {Haruo Hosoya and
               Benjamin C. Pierce},
  title     = {{XD}uce: A statically typed {XML} processing language},
  journal   = {ACM Trans. Internet Techn.},
  volume    = {3},
  number    = {2},
  year      = {2003},
  pages     = {117-148},
  ee        = {http://doi.acm.org/10.1145/767193.767195},
  bibsource = {DBLP, http://dblp.uni-trier.de}
}
@article{AhUl69,
  author    = {Alfred V. Aho and
               Jeffrey D. Ullman},
  title     = {Syntax Directed Translations and the Pushdown Assembler},
  journal   = {J. Comput. Syst. Sci.},
  volume    = {3},
  number    = {1},
  year      = {1969},
  pages     = {37-56},
  ee        = {http://dx.doi.org/10.1016/S0022-0000(69)80006-1},
  bibsource = {DBLP, http://dblp.uni-trier.de}
}
@inproceedings{BrGM07,
  author    = {Claus Brabrand and
               Robert Giegerich and
               Anders M{\o}ller},
  title     = {Analyzing Ambiguity of Context-Free Grammars},
  booktitle = {CIAA},
  year      = {2007},
  pages     = {214-225},
  ee        = {http://dx.doi.org/10.1007/978-3-540-76336-9_21},
  crossref  = {DBLP:conf/wia/2007},
  bibsource = {DBLP, http://dblp.uni-trier.de}
}

@proceedings{DBLP:conf/wia/2007,
  editor    = {Jan Holub and
               Jan Zd{\'a}rek},
  title     = {Implementation and Application of Automata, 12th International
               Conference, CIAA 2007, Prague, Czech Republic, July 16-18,
               2007, Revised Selected Papers},
  booktitle = {CIAA},
  publisher = {Springer},
  series    = {Lecture Notes in Computer Science},
  volume    = {4783},
  year      = {2007},
  isbn      = {978-3-540-76335-2},
  bibsource = {DBLP, http://dblp.uni-trier.de}
}


@article{BrMS08,
  author    = {Claus Brabrand and
               Anders M{\o}ller and
               Michael I. Schwartzbach},
  title     = {Dual syntax for {XML} languages},
  journal   = {Inf. Syst.},
  volume    = {33},
  number    = {4-5},
  year      = {2008},
  pages     = {385-406},
  ee        = {http://dx.doi.org/10.1016/j.is.2008.01.006},
  bibsource = {DBLP, http://dblp.uni-trier.de}
}
@inproceedings{ReOs10,
  author    = {Tillmann Rendel and
               Klaus Ostermann},
  title     = {Invertible syntax descriptions: unifying parsing and pretty
               printing},
  booktitle = {Haskell},
  year      = {2010},
  pages     = {1-12},
  ee        = {http://doi.acm.org/10.1145/1863523.1863525},
  crossref  = {DBLP:conf/haskell/2010},
  bibsource = {DBLP, http://dblp.uni-trier.de}
}

@proceedings{DBLP:conf/haskell/2010,
  editor    = {Jeremy Gibbons},
  title     = {Proceedings of the 3rd ACM SIGPLAN Symposium on Haskell,
               Haskell 2010, Baltimore, MD, USA, 30 September 2010},
  booktitle = {Haskell},
  publisher = {ACM},
  year      = {2010},
  isbn      = {978-1-4503-0252-4},
  bibsource = {DBLP, http://dblp.uni-trier.de}
}

@inproceedings{FrHC08,
  author    = {Richard A. Frost and
               Rahmatullah Hafiz and
               Paul Callaghan},
  title     = {Parser Combinators for Ambiguous Left-Recursive Grammars},
  booktitle = {PADL},
  year      = {2008},
  pages     = {167-181},
  ee        = {http://dx.doi.org/10.1007/978-3-540-77442-6_12},
  crossref  = {DBLP:conf/padl/2008},
  bibsource = {DBLP, http://dblp.uni-trier.de}
}

@proceedings{DBLP:conf/padl/2008,
  editor    = {Paul Hudak and
               David Scott Warren},
  title     = {Practical Aspects of Declarative Languages, 10th International
               Symposium, PADL 2008, San Francisco, CA, USA, January 7-8,
               2008},
  booktitle = {PADL},
  publisher = {Springer},
  series    = {Lecture Notes in Computer Science},
  volume    = {4902},
  year      = {2008},
  isbn      = {978-3-540-77441-9},
  bibsource = {DBLP, http://dblp.uni-trier.de}
}
@inproceedings{GiKV03,
  author    = {J{\"u}rgen Giesl and
               Armin K{\"u}hnemann and
               Janis Voigtl{\"a}nder},
  title     = {Deaccumulation - Improving Provability},
  booktitle = {ASIAN},
  year      = {2003},
  pages     = {146-160},
  ee        = {http://dx.doi.org/10.1007/978-3-540-40965-6_10},
  crossref  = {DBLP:conf/asian/2003},
  bibsource = {DBLP, http://dblp.uni-trier.de}
}

@proceedings{DBLP:conf/asian/2003,
  editor    = {Vijay A. Saraswat},
  title     = {Advances in Computing Science - ASIAN 2003 Programming Languages
               and Distributed Computation, 8th Asian Computing Science
               Conference, Mumbai, India, December 10-14, 2003, Proceedings},
  booktitle = {ASIAN},
  publisher = {Springer},
  series    = {Lecture Notes in Computer Science},
  volume    = {2896},
  year      = {2003},
  isbn      = {3-540-20632-9},
  bibsource = {DBLP, http://dblp.uni-trier.de}
}

@article{Thatcher70,
  author    = {James W. Thatcher},
  title     = {Generalized Sequential Machine Maps},
  journal   = {J. Comput. Syst. Sci.},
  volume    = {4},
  number    = {4},
  year      = {1970},
  pages     = {339-367},
  ee        = {http://dx.doi.org/10.1016/S0022-0000(70)80017-4},
  bibsource = {DBLP, http://dblp.uni-trier.de}
}

@article{Asveld81,
          volume = {10},
          number = {1},
          author = {Peter R.J. {Asveld}},
           title = {Time and Space Complexity of Inside-Out Macro Languages},
       publisher = {Taylor \& Francis},
         journal = {International Journal of Computer Mathematics},
           pages = {3--14},
            year = {1981},
             url = {http://doc.utwente.nl/65997/},
        abstract = {Starting from Fischer's IO Standard Form Theorem we show that for each inside-out (or IO-) macro language $L$, there is a $\lambda$-free IO-macro grammar with the following property: for each $x$ in $L$, there is a derivation of $x$ of length at most linear in the length of $x$.  Then we construct a nondeterministic log-space bounded auxiliary pushdown automaton which accepts $L$ in polynomial time. Therefore the IO-macro languages are (many-one) log-space reducible to the context-free languages.  Consequently, the membership problem for IO-macro languages can be solved deterministically in polynomial time and in space $(\log n)^2$.}
}




@InCollection{Wadler03,
  author =       {Philip Wadler},
  title =        {A Prettier Printer},
  booktitle =    {The Fun of Programming},
  publisher = {Palgrave Macmillan},
  year =      2003,
  editor =    {Jeremy Gibbons and Oege de Moor},
  chapter =   11}

@inproceedings{Hughes95,
  author    = {John Hughes},
  title     = {The Design of a Pretty-printing Library},
  booktitle = {Advanced Functional Programming},
  year      = {1995},
  pages     = {53-96},
  ee        = {http://dx.doi.org/10.1007/3-540-59451-5_3},
  crossref  = {DBLP:conf/afp/1995},
  bibsource = {DBLP, http://dblp.uni-trier.de}
}

@proceedings{DBLP:conf/afp/1995,
  editor    = {Johan Jeuring and
               Erik Meijer},
  title     = {Advanced Functional Programming, First International Spring
               School on Advanced Functional Programming Techniques, B{\aa}stad,
               Sweden, May 24-30, 1995, Tutorial Text},
  booktitle = {Advanced Functional Programming},
  publisher = {Springer},
  series    = {Lecture Notes in Computer Science},
  volume    = {925},
  year      = {1995},
  isbn      = {3-540-59451-5},
  bibsource = {DBLP, http://dblp.uni-trier.de}
}



@inproceedings{MaIN12,
  author    = {Kazutaka Matsuda and
               Kazuhiro Inaba and
               Keisuke Nakano},
  title     = {Polynomial-time inverse computation for accumulative functions
               with multiple data traversals},
  booktitle = {PEPM},
  year      = {2012},
  pages     = {5-14},
  ee        = {http://doi.acm.org/10.1145/2103746.2103752},
  crossref  = {DBLP:conf/pepm/2012},
  bibsource = {DBLP, http://dblp.uni-trier.de}
}

@proceedings{DBLP:conf/pepm/2012,
  editor    = {Oleg Kiselyov and
               Simon Thompson},
  title     = {Proceedings of the ACM SIGPLAN 2012 Workshop on Partial
               Evaluation and Program Manipulation, PEPM 2012, Philadelphia,
               Pennsylvania, USA, January 23-24, 2012},
  booktitle = {PEPM},
  publisher = {ACM},
  year      = {2012},
  isbn      = {978-1-4503-1118-2},
  ee        = {http://dl.acm.org/citation.cfm?id=2103746},
  bibsource = {DBLP, http://dblp.uni-trier.de}
}


@inproceedings{Kobayashi09,
  author    = {Naoki Kobayashi},
  title     = {Types and higher-order recursion schemes for verification
               of higher-order programs},
  booktitle = {POPL},
  year      = {2009},
  pages     = {416-428},
  ee        = {http://doi.acm.org/10.1145/1480881.1480933},
  crossref  = {DBLP:conf/popl/2009},
  bibsource = {DBLP, http://dblp.uni-trier.de}
}
@proceedings{DBLP:conf/popl/2009,
  editor    = {Zhong Shao and
               Benjamin C. Pierce},
  title     = {Proceedings of the 36th ACM SIGPLAN-SIGACT Symposium on
               Principles of Programming Languages, POPL 2009, Savannah,
               GA, USA, January 21-23, 2009},
  booktitle = {POPL},
  publisher = {ACM},
  year      = {2009},
  isbn      = {978-1-60558-379-2},
  ee        = {http://dl.acm.org/citation.cfm?id=1480881},
  bibsource = {DBLP, http://dblp.uni-trier.de}
}


@article{PeSe04,
  author    = {Thomas Perst and
               Helmut Seidl},
  title     = {Macro forest transducers},
  journal   = {Inf. Process. Lett.},
  volume    = {89},
  number    = {3},
  year      = {2004},
  pages     = {141-149},
  ee        = {http://dx.doi.org/10.1016/j.ipl.2003.05.001},
  bibsource = {DBLP, http://dblp.uni-trier.de}
}
@inproceedings{Dowek91,
  author    = {Gilles Dowek},
  title     = {A Second-Order Pattern Matching Algorithm for the Cube of
               Typed Lambda-Calculi},
  booktitle = {MFCS},
  year      = {1991},
  pages     = {151-160},
  ee        = {http://dx.doi.org/10.1007/3-540-54345-7_58},
  bibsource = {DBLP, http://dblp.uni-trier.de}
}

@PhdThesis{Huet76,
  author = 	 {G{\'e}rard P. Huet},
  title = 	 {R\'esolution d'\'equations dans les langages d'ordre 1,2,\ldots,$\omega$},
  school = 	 {Universit\'e de Paris VII},
  year = 	 1976}

@article{HuLa78,
  author    = {G{\'e}rard P. Huet and
               Bernard Lang},
  title     = {Proving and Applying Program Transformations Expressed with
               Second-Order Patterns},
  journal   = {Acta Inf.},
  volume    = {11},
  year      = {1978},
  pages     = {31-55},
  ee        = {http://dx.doi.org/10.1007/BF00264598},
  bibsource = {DBLP, http://dblp.uni-trier.de}
}

@inproceedings{SaGr03,
  author    = {Sylvain Salvati and
               Philippe de Groote},
  title     = {On the Complexity of Higher-Order Matching in the Linear
               lambda-Calculus},
  booktitle = {RTA},
  year      = {2003},
  pages     = {234-245},
  ee        = {http://dx.doi.org/10.1007/3-540-44881-0_17},
  crossref  = {DBLP:conf/rta/2003},
  bibsource = {DBLP, http://dblp.uni-trier.de}
}

@proceedings{DBLP:conf/rta/2003,
  editor    = {Robert Nieuwenhuis},
  title     = {Rewriting Techniques and Applications, 14th International
               Conference, RTA 2003, Valencia, Spain, June 9-11, 2003,
               Proceedings},
  booktitle = {RTA},
  publisher = {Springer},
  series    = {Lecture Notes in Computer Science},
  volume    = {2706},
  year      = {2003},
  isbn      = {3-540-40254-3},
  bibsource = {DBLP, http://dblp.uni-trier.de}
}

@article{AlVi01,
  author    = {Elvira Albert and
               Germ{\'a}n Vidal},
  title     = {The Narrowing-driven Approach to Functional Logic Program
               Specialization},
  journal   = {New Generation Comput.},
  volume    = {20},
  number    = {1},
  year      = {2001},
  pages     = {3-26},
  ee        = {http://dx.doi.org/10.1007/BF03037257},
  bibsource = {DBLP, http://dblp.uni-trier.de}
}


@article{SoGJ96,
  author    = {Morten Heine S{\o}rensen and
               Robert Gl{\"u}ck and
               Neil D. Jones},
  title     = {A Positive Supercompiler},
  journal   = {J. Funct. Program.},
  volume    = {6},
  number    = {6},
  year      = {1996},
  pages     = {811-838},
  ee        = {http://dx.doi.org/10.1017/S0956796800002008},
  bibsource = {DBLP, http://dblp.uni-trier.de}
}
@inproceedings{GlSo94,
  author    = {Robert Gl{\"u}ck and
               Morten Heine S{\o}rensen},
  title     = {Partial Deduction and Driving are Equivalent},
  booktitle = {PLILP},
  year      = {1994},
  pages     = {165-181},
  ee        = {http://dx.doi.org/10.1007/3-540-58402-1_13},
  crossref  = {DBLP:conf/plilp/1994},
  bibsource = {DBLP, http://dblp.uni-trier.de}
}

@proceedings{DBLP:conf/plilp/1994,
  editor    = {Manuel V. Hermenegildo and
               Jaan Penjam},
  title     = {Programming Language Implementation and Logic Programming,
               6th International Symposium, PLILP'94, Madrid, Spain, September
               14-16, 1994, Proceedings},
  booktitle = {PLILP},
  publisher = {Springer},
  series    = {Lecture Notes in Computer Science},
  volume    = {844},
  year      = {1994},
  isbn      = {3-540-58402-1},
  bibsource = {DBLP, http://dblp.uni-trier.de}
}

@article{ChKJ06,
 author    = {Wei-Ngan Chin and
              Siau-Cheng Khoo and
              Neil Jones},
 title     = {Redundant Call Elimination via Tupling},
 journal   = {Fundam. Inform.},
 volume    = {69},
 number    = {1-2},
 year      = {2006},
 pages     = {1-37},
 ee        = {http://iospress.metapress.com/content/0jpm22l487kdm4ne/},
 bibsource = {DBLP, http://dblp.uni-trier.de}
}


@article{Hughes86,
  author    = {John Hughes},
  title     = {A Novel Representation of Lists and its Application to the
               Function "reverse"},
  journal   = {Inf. Process. Lett.},
  volume    = {22},
  number    = {3},
  year      = {1986},
  pages     = {141-144},
  ee        = {http://dx.doi.org/10.1016/0020-0190(86)90059-1},
  bibsource = {DBLP, http://dblp.uni-trier.de}
}


@InProceedings{NiSS01,
  author = 	 {Naoki Nishida and Masahiko Sakai and Toshiki Sakabe},
  title = 	 {Generation of inverse term rewriting systems for pure treeless functions},
  booktitle = {Proceedings of the International Workshop on Rewriting in Proof and Computation},
  pages = 	 {188--198},
  year = 	 2001}

@book{AhUl72, 
 author = {Aho, Alfred V. and Ullman, Jeffrey D.},
 title = {The theory of parsing, translation, and compiling},
 year = {1972},
 isbn = {0-13-914556-7},
 publisher = {Prentice-Hall, Inc.},
 address = {Upper Saddle River, NJ, USA},
} 


@article{Fulop94,
  author    = {Zolt{\'a}n F{\"u}l{\"o}p},
  title     = {Undecidable Properties of Deterministic Top-Down Tree Transducers},
  journal   = {Theor. Comput. Sci.},
  volume    = {134},
  number    = {2},
  year      = {1994},
  pages     = {311-328},
  ee        = {http://dx.doi.org/10.1016/0304-3975(94)90241-0},
  bibsource = {DBLP, http://dblp.uni-trier.de}
}
@article{MaNe05,
  author    = {Wim Martens and
               Frank Neven},
  title     = {On the complexity of typechecking top-down {XML} transformations},
  journal   = {Theor. Comput. Sci.},
  volume    = {336},
  number    = {1},
  year      = {2005},
  pages     = {153-180},
  ee        = {http://dx.doi.org/10.1016/j.tcs.2004.10.035},
  bibsource = {DBLP, http://dblp.uni-trier.de}
}


@inproceedings{MaNa08,
  author    = {Sebastian Maneth and
               Keisuke Nakano},
  title     = {{XML} Type Checking for Macro Tree Transducers with Holes},
  booktitle = {PLAN-X},
  year      = {2008},
  ee        = {http://gemo.futurs.inria.fr/events/PLANX2008//papers/p19.pdf},
  crossref  = {DBLP:conf/planX/2008},
  bibsource = {DBLP, http://dblp.uni-trier.de}
}

@proceedings{DBLP:conf/planX/2008,
  title     = {PLAN-X 2008, Programming Language Technologies for {XML},
               An ACM SIGPLAN Workshop colocated with POPL 2008, San Francisco,
               California, USA, January 9, 2008},
  booktitle = {PLAN-X},
  year      = {2008},
  bibsource = {DBLP, http://dblp.uni-trier.de}
}


@inproceedings{Korf81,
  author    = {Richard E. Korf},
  title     = {Inversion of Applicative Programs},
  booktitle = {IJCAI},
  year      = {1981},
  pages     = {1007-1009},
  crossref  = {DBLP:conf/ijcai/1981},
  bibsource = {DBLP, http://dblp.uni-trier.de}
}

@proceedings{DBLP:conf/ijcai/1981,
  editor    = {Patrick J. Hayes},
  title     = {Proceedings of the 7th International Joint Conference on
               Artificial Intelligence (IJCAI '81), Vancouver, BC, Canada,
               August 1981},
  booktitle = {IJCIA},
  publisher = {William Kaufmann},
  year      = {1981},
  bibsource = {DBLP, http://dblp.uni-trier.de}
}

@inproceedings{GlKa03,
  author    = {Robert Gl{\"u}ck and
               Masahiko Kawabe},
  title     = {A Program Inverter for a Functional Language with Equality
               and Constructors},
  booktitle = {APLAS},
  year      = {2003},
  pages     = {246-264},
  ee        = {http://dx.doi.org/10.1007/978-3-540-40018-9_17},
  doi       = {10.1007/978-3-540-40018-9_17}, 
  crossref  = {DBLP:conf/aplas/2003},
  bibsource = {DBLP, http://dblp.uni-trier.de}
}


@article{GlKa05,
  author    = {Robert Gl{\"u}ck and
               Masahiko Kawabe},
  title     = {Revisiting an automatic program inverter for Lisp},
  journal   = {SIGPLAN Notices},
  volume    = {40},
  number    = {5},
  year      = {2005},
  pages     = {8-17},
  ee        = {http://doi.acm.org/10.1145/1071221.1071222},
  bibsource = {DBLP, http://dblp.uni-trier.de}
}

@inproceedings{RuNL08,
  author    = {Colin Runciman and
               Matthew Naylor and
               Fredrik Lindblad},
  title     = {{SmallCheck} and lazy {SmallCheck}: automatic exhaustive testing
               for small values},
  booktitle = {Haskell},
  year      = {2008},
  pages     = {37-48},
  ee        = {http://doi.acm.org/10.1145/1411286.1411292},
  crossref  = {DBLP:conf/haskell/2008},
  bibsource = {DBLP, http://dblp.uni-trier.de}
}
@proceedings{DBLP:conf/haskell/2008,
  editor    = {Andy Gill},
  title     = {Proceedings of the 1st ACM SIGPLAN Symposium on Haskell,
               Haskell 2008, Victoria, BC, Canada, 25 September 2008},
  booktitle = {Haskell},
  publisher = {ACM},
  year      = {2008},
  isbn      = {978-1-60558-064-7},
  bibsource = {DBLP, http://dblp.uni-trier.de}
}

@inproceedings{ChFi08,
  author    = {Jan Christiansen and
               Sebastian Fischer},
  title     = {{EasyCheck} --- Test Data for Free},
  booktitle = {FLOPS},
  year      = {2008},
  pages     = {322-336},
  ee        = {http://dx.doi.org/10.1007/978-3-540-78969-7_23},
  crossref  = {DBLP:conf/flops/2008},
  bibsource = {DBLP, http://dblp.uni-trier.de}
}
@proceedings{DBLP:conf/flops/2008,
  editor    = {Jacques Garrigue and
               Manuel V. Hermenegildo},
  title     = {Functional and Logic Programming, 9th International Symposium,
               FLOPS 2008, Ise, Japan, April 14-16, 2008. Proceedings},
  booktitle = {FLOPS},
  publisher = {Springer},
  series    = {Lecture Notes in Computer Science},
  volume    = {4989},
  year      = {2008},
  isbn      = {978-3-540-78968-0},
  bibsource = {DBLP, http://dblp.uni-trier.de}
}

@Book{Bird98,
  author = 	 {Richard Bird},
  title = 	 {Introduction to Functional Programming using Haskell},
  publisher = 	 {Prentice Hall},
  year = 	 1998,
  edition = 	 {Second Edition}}

@book{Yellin88,
  author    = {Daniel M. Yellin},
  title     = {Attribute Grammar Inversion and Source-to-source Translation},
  publisher = {Springer},
  series    = {Lecture Notes in Computer Science},
  volume    = {302},
  year      = {1988},
  isbn      = {3-540-19072-4},
  ee        = {http://dx.doi.org/10.1007/3-540-19072-4},
  bibsource = {DBLP, http://dblp.uni-trier.de}
}

@inproceedings{Mogensen06,
  author    = {Torben {\AE}. Mogensen},
  title     = {Report on an Implementation of a Semi-inverter},
  booktitle = {Ershov Memorial Conference},
  year      = {2006},
  pages     = {322-334},
  ee        = {http://dx.doi.org/10.1007/978-3-540-70881-0_28},
  crossref  = {DBLP:conf/ershov/2006},
  bibsource = {DBLP, http://dblp.uni-trier.de}
}

@inproceedings{GlKa04,
  author    = {Robert Gl{\"u}ck and
               Masahiko Kawabe},
  title     = {Derivation of Deterministic Inverse Programs Based on {LR}
               Parsing},
  booktitle = {FLOPS},
  year      = {2004},
  pages     = {291-306},
  ee        = {http://dx.doi.org/10.1007/978-3-540-24754-8_21},
  crossref  = {DBLP:conf/flops/2004},
  bibsource = {DBLP, http://dblp.uni-trier.de}
}
@proceedings{DBLP:conf/flops/2004,
  editor    = {Yukiyoshi Kameyama and
               Peter J. Stuckey},
  title     = {Functional and Logic Programming, 7th International Symposium,
               FLOPS 2004, Nara, Japan, April 7-9, 2004, Proceedings},
  booktitle = {FLOPS},
  publisher = {Springer},
  series    = {Lecture Notes in Computer Science},
  volume    = {2998},
  year      = {2004},
  isbn      = {3-540-21402-X},
  bibsource = {DBLP, http://dblp.uni-trier.de}
}




@inproceedings{NiVi11, 
  author    = {Naoki Nishida and
               Germ{\'a}n Vidal},
  title     = {Program Inversion for Tail Recursive Functions},
  booktitle = {RTA},
  year      = {2011},
  pages     = {283-298},
  ee        = {http://dx.doi.org/10.4230/LIPIcs.RTA.2011.283},
  crossref  = {DBLP:conf/rta/2011},
  bibsource = {DBLP, http://dblp.uni-trier.de}
}
@proceedings{DBLP:conf/rta/2011,
  editor    = {Manfred Schmidt-Schau{\ss}},
  title     = {Proceedings of the 22nd International Conference on Rewriting
               Techniques and Applications, RTA 2011, May 30 - June 1,
               2011, Novi Sad, Serbia},
  booktitle = {RTA},
  publisher = {Schloss Dagstuhl - Leibniz-Zentrum fuer Informatik},
  series    = {LIPIcs},
  volume    = {10},
  year      = {2011},
  isbn      = {978-3-939897-30-9},
  bibsource = {DBLP, http://dblp.uni-trier.de}
}


@inproceedings{HITT97,
  author    = {Zhenjiang Hu and
               Hideya Iwasaki and
               Masato Takeichi and
               Akihiko Takano},
  title     = {Tupling Calculation Eliminates Multiple Data Traversals},
  booktitle = {ICFP},
  year      = {1997},
  pages     = {164-175},
  ee        = {http://doi.acm.org/10.1145/258948.258964},
  bibsource = {DBLP, http://dblp.uni-trier.de}
}
@article{Bird84,
  author    = {Richard S. Bird},
  title     = {Using Circular Programs to Eliminate Multiple Traversals
               of Data},
  journal   = {Acta Inf.},
  volume    = {21},
  year      = {1984},
  pages     = {239-250},
  ee        = {http://dx.doi.org/10.1007/BF00264249},
  bibsource = {DBLP, http://dblp.uni-trier.de}
}


@inproceedings{Eppstein85,
  author    = {David Eppstein},
  title     = {A Heuristic Approach to Program Inversion},
  booktitle = {IJCAI},
  year      = {1985},
  pages     = {219-221},
  bibsource = {DBLP, http://dblp.uni-trier.de}
}


@article{AnEH00,
  author    = {Sergio Antoy and
               Rachid Echahed and
               Michael Hanus},
  title     = {A needed narrowing strategy},
  journal   = {J. ACM},
  volume    = {47},
  number    = {4},
  year      = {2000},
  pages     = {776-822},
  ee        = {http://doi.acm.org/10.1145/347476.347484},
  bibsource = {DBLP, http://dblp.uni-trier.de}
}

@inproceedings{Rounds73,
  author    = {William C. Rounds},
  title     = {Complexity of Recognition in Intermediate-Level Languages},
  booktitle = {FOCS},
  year      = {1973},
  pages     = {145-158},
  crossref  = {DBLP:conf/focs/FOCS14},
  bibsource = {DBLP, http://dblp.uni-trier.de}
}

@proceedings{DBLP:conf/focs/FOCS14,
  title     = {14th Annual Symposium on Foundations of Computer Science,
               15-17 October 1973, The University of Iowa, USA},
  booktitle = {14th Annual Symposium on Switching and Automata Theory},
  publisher = {IEEE},
  year      = {1973},
  bibsource = {DBLP, http://dblp.uni-trier.de}
}

@article{EnVo88,
  author    = {Joost Engelfriet and
               Heiko Vogler},
  title     = {High Level Tree Transducers and Iterated Pushdown Tree Transducers},
  journal   = {Acta Inf.},
  volume    = {26},
  number    = {1/2},
  year      = {1988},
  pages     = {131-192},
  ee        = {http://dx.doi.org/10.1007/BF02915449},
  bibsource = {DBLP, http://dblp.uni-trier.de}
}

@article{EnMa03-pebble,
  author    = {Joost Engelfriet and
               Sebastian Maneth},
  title     = {A comparison of pebble tree transducers with macro tree
               transducers},
  journal   = {Acta Inf.},
  volume    = {39},
  number    = {9},
  year      = {2003},
  pages     = {613-698},
  ee        = {http://dx.doi.org/10.1007/s00236-003-0120-0},
  bibsource = {DBLP, http://dblp.uni-trier.de}
}


@article{EnMa03,
  author    = {Joost Engelfriet and
               Sebastian Maneth},
  title     = {Macro Tree Translations of Linear Size Increase are {MSO}
               Definable},
  journal   = {SIAM J. Comput.},
  volume    = {32},
  number    = {4},
  year      = {2003},
  pages     = {950-1006},
  ee        = {http://epubs.siam.org/sam-bin/dbq/article/39451},
  bibsource = {DBLP, http://dblp.uni-trier.de}
}

@article{EnMa99,
  author    = {Joost Engelfriet and
               Sebastian Maneth},
  title     = {Macro Tree Transducers, Attribute Grammars, and {MSO} Definable
               Tree Translations},
  journal   = {Inf. Comput.},
  volume    = {154},
  number    = {1},
  year      = {1999},
  pages     = {34-91},
  bibsource = {DBLP, http://dblp.uni-trier.de}
}

@article{Engelfriet77,
  author    = {Joost Engelfriet},
  title     = {Top-down Tree Transducers with Regular Look-ahead},
  journal   = {Mathematical Systems Theory},
  volume    = {10},
  year      = {1977},
  pages     = {289-303},
  bibsource = {DBLP, http://dblp.uni-trier.de}
}

@book{SyntaxDirectedSemantics,
 author = {F\"ul\"op, Zolt\'an and Vogler, H.},
 title = {Syntax-Directed Semantics: Formal Models Based on Tree Transducers},
 year = {1998},
 isbn = {3540646078},
 edition = {1st},
 publisher = {Springer-Verlag New York, Inc.},
 address = {Secaucus, NJ, USA},
} 

@article{VoKu04,
  author    = {Janis Voigtl{\"a}nder and
               Armin K{\"u}hnemann},
  title     = {Composition of functions with accumulating parameters},
  journal   = {J. Funct. Program.},
  volume    = {14},
  number    = {3},
  year      = {2004},
  pages     = {317-363},
  ee        = {http://dx.doi.org/10.1017/S0956796803004933},
  bibsource = {DBLP, http://dblp.uni-trier.de}
}

@InProceedings{InMa09,
  author = 	 {Kazuhiro Inaba and Sebastian Maneth},
  title = 	 {The Complexity of Translation Membership for Macro Tree Transducers},
  booktitle = {{PLAN}-{X} 09},
  year = 	 2009}

@inproceedings{MaBPS05,
  author    = {Sebastian Maneth and
               Alexandru Berlea and
               Thomas Perst and
               Helmut Seidl},
  title     = {{XML} type checking with macro tree transducers},
  booktitle = {PODS},
  year      = {2005},
  pages     = {283-294},
  ee        = {http://doi.acm.org/10.1145/1065167.1065203},
  crossref  = {DBLP:conf/pods/2005},
  bibsource = {DBLP, http://dblp.uni-trier.de}
}

@proceedings{DBLP:conf/pods/2005,
  editor    = {Chen Li},
  title     = {Proceedings of the Twenty-fourth ACM SIGACT-SIGMOD-SIGART
               Symposium on Principles of Database Systems, June 13-15,
               2005, Baltimore, Maryland, USA},
  booktitle = {PODS},
  publisher = {ACM},
  year      = {2005},
  isbn      = {1-59593-062-0},
  bibsource = {DBLP, http://dblp.uni-trier.de}
}



@article{MiSV03,
  author    = {Tova Milo and
               Dan Suciu and
               Victor Vianu},
  title     = {Typechecking for {XML} transformers},
  journal   = {J. Comput. Syst. Sci.},
  volume    = {66},
  number    = {1},
  year      = {2003},
  pages     = {66-97},
  ee        = {http://dx.doi.org/10.1016/S0022-0000(02)00030-2},
  bibsource = {DBLP, http://dblp.uni-trier.de}
}

@inproceedings{MMHT10,
  author    = {Kazutaka Matsuda and
               Shin-Cheng Mu and
               Zhenjiang Hu and
               Masato Takeichi},
  title     = {A Grammar-Based Approach to Invertible Programs},
  booktitle = {ESOP},
  year      = {2010},
  pages     = {448-467},
  ee        = {http://dx.doi.org/10.1007/978-3-642-11957-6_24},
  crossref  = {DBLP:conf/esop/2010},
  bibsource = {DBLP, http://dblp.uni-trier.de}
}

@proceedings{DBLP:conf/esop/2010,
  editor    = {Andrew D. Gordon},
  title     = {Programming Languages and Systems, 19th European Symposium
               on Programming, ESOP 2010, Held as Part of the Joint European
               Conferences on Theory and Practice of Software, ETAPS 2010,
               Paphos, Cyprus, March 20-28, 2010. Proceedings},
  booktitle = {ESOP},
  publisher = {Springer},
  series    = {Lecture Notes in Computer Science},
  volume    = {6012},
  year      = {2010},
  isbn      = {978-3-642-11956-9},
  ee        = {http://dx.doi.org/10.1007/978-3-642-11957-6},
  bibsource = {DBLP, http://dblp.uni-trier.de}
}

@article{Wadler90,
  author    = {Philip Wadler},
  title     = {Deforestation: Transforming Programs to Eliminate Trees},
  journal   = {Theor. Comput. Sci.},
  volume    = {73},
  number    = {2},
  year      = {1990},
  pages     = {231-248},
  bibsource = {DBLP, http://dblp.uni-trier.de}
}

@InBook{Gries81,
  author = 	 {David Gries},
  title = 	 {The Science of Programming},
  chapter = 	 {21 Inverting Programs},
  publisher = 	 {Springer, Heidelberg},
  year = 	 1981}

@inproceedings{Dijkstra78,
  author    = {Edsger W. Dijkstra},
  title     = {Program Inversion},
  booktitle = {Program Construction},
  year      = {1978},
  pages     = {54-57},
  crossref  = {DBLP:conf/pc/1978},
  bibsource = {DBLP, http://dblp.uni-trier.de}
}

@proceedings{DBLP:conf/pc/1978,
  editor    = {Friedrich L. Bauer and
               Manfred Broy},
  title     = {Program Construction, International Summer School, July
               26 - August 6, 1978, Marktoberdorf, germany},
  booktitle = {Program Construction},
  publisher = {Springer},
  series    = {Lecture Notes in Computer Science},
  volume    = {69},
  year      = {1979},
  isbn      = {3-540-09251-X},
  bibsource = {DBLP, http://dblp.uni-trier.de}
}


@inproceedings{AbGl06,
  author    = {Sergei M. Abramov and
               Robert Gl{\"u}ck and
               Yuri A. Klimov},
  title     = {An Universal Resolving Algorithm for Inverse Computation
               of Lazy Languages},
  booktitle = {Ershov Memorial Conference},
  year      = {2006},
  pages     = {27-40},
  ee        = {http://dx.doi.org/10.1007/978-3-540-70881-0_6},
  crossref  = {DBLP:conf/ershov/2006},
  bibsource = {DBLP, http://dblp.uni-trier.de}
}

@proceedings{DBLP:conf/ershov/2006,
  editor    = {Irina Virbitskaite and
               Andrei Voronkov},
  title     = {Perspectives of Systems Informatics, 6th International Andrei
               Ershov Memorial Conference, PSI 2006, Novosibirsk, Russia,
               June 27-30, 2006. Revised Papers},
  booktitle = {Ershov Memorial Conference},
  publisher = {Springer},
  series    = {Lecture Notes in Computer Science},
  volume    = {4378},
  year      = {2007},
  isbn      = {978-3-540-70880-3},
  bibsource = {DBLP, http://dblp.uni-trier.de}
}


@inproceedings{AbGl02,
  author    = {Sergei M. Abramov and
               Robert Gl{\"u}ck},
  title     = {Principles of Inverse Computation and the Universal Resolving
               Algorithm},
  booktitle = {The Essence of Computation},
  year      = {2002},
  pages     = {269-295},
  ee        = {http://link.springer.de/link/service/series/0558/bibs/2566/25660269.htm},
  crossref  = {DBLP:conf/birthday/2002jones},
  bibsource = {DBLP, http://dblp.uni-trier.de}
}

@proceedings{DBLP:conf/birthday/2002jones,
  editor    = {Torben {\AE}. Mogensen and
               David A. Schmidt and
               Ivan Hal Sudborough},
  title     = {The Essence of Computation, Complexity, Analysis, Transformation.
               Essays Dedicated to Neil D. Jones [on occasion of his 60th
               birthday]},
  booktitle = {The Essence of Computation},
  publisher = {Springer},
  series    = {Lecture Notes in Computer Science},
  volume    = {2566},
  year      = {2002},
  isbn      = {3-540-00326-6},
  bibsource = {DBLP, http://dblp.uni-trier.de}
}

@Misc{tata2007,
  author = {H. Comon and M. Dauchet and R. Gilleron and  C. L\"oding
and F. Jacquemard
and D. Lugiez and S. Tison and M. Tommasi},
  title =	 {Tree Automata Techniques and Applications},
  howpublished = {Available on: \url{http://www.grappa.univ-lille3.fr/tata}},
  note = {},
  year =	 2007
}

@inproceedings{MaHT09,
  author    = {Kazutaka Matsuda and
               Zhenjiang Hu and
               Masato Takeichi},
  title     = {Type-based specialization of {XML} transformations},
  booktitle = {PEPM},
  year      = {2009},
  pages     = {61-72},
  ee        = {http://doi.acm.org/10.1145/1480945.1480955},
  crossref  = {DBLP:conf/pepm/2009},
  bibsource = {DBLP, http://dblp.uni-trier.de}
}

@proceedings{DBLP:conf/pepm/2009,
  editor    = {Germ{\'a}n Puebla and
               Germ{\'a}n Vidal},
  title     = {Proceedings of the 2009 ACM SIGPLAN Symposium on Partial
               Evaluation and Semantics-based Program Manipulation, PEPM
               2009, Savannah, GA, USA, January 19-20, 2009},
  booktitle = {PEPM},
  publisher = {ACM},
  year      = {2009},
  isbn      = {978-1-60558-327-3},
  bibsource = {DBLP, http://dblp.uni-trier.de}
}


@inproceedings{FrHo07,
  author    = {Alain Frisch and
               Haruo Hosoya},
  title     = {Towards Practical Typechecking for Macro Tree Transducers},
  booktitle = {DBPL},
  year      = {2007},
  pages     = {246-260},
  note      = {Full version is available as Research Report, RR-6107, INRIA, 2007},
  ee        = {http://dx.doi.org/10.1007/978-3-540-75987-4_17},
  crossref  = {DBLP:conf/dbpl/2007},
  bibsource = {DBLP, http://dblp.uni-trier.de}
}



@proceedings{DBLP:conf/dbpl/2007,
  editor    = {Marcelo Arenas and
               Michael I. Schwartzbach},
  title     = {Database Programming Languages, 11th International Symposium,
               DBPL 2007, Vienna, Austria, September 23-24, 2007, Revised
               Selected Papers},
  booktitle = {DBPL},
  publisher = {Springer},
  series    = {Lecture Notes in Computer Science},
  volume    = 4797,
  year      = 2007,
  isbn      = {978-3-540-75986-7},
  bibsource = {DBLP, http://dblp.uni-trier.de}
}



@InCollection{Boullier04,
  author = 	 {Pierre Boullier},
  title = 	 {Range Concatenation Grammars},
  booktitle = 	 {New Developments in Parsing Technology},
  publisher = {Kluwer Academic Publishers},
  year = 	 2004,
  editor = 	 {Harry Bunt and John Carroll and Giorgio Satta},
  number = 	 23,
  series = 	 {Text, Speech and Language Technology},
  chapter = 	 13}


@inproceedings{InMa08,
  author    = {Kazuhiro Inaba and
               Sebastian Maneth},
  title     = {The Complexity of Tree Transducer Output Languages},
  booktitle = {FSTTCS},
  year      = {2008},
  pages     = {244-255},
  ee        = {http://dx.doi.org/10.4230/LIPIcs.FSTTCS.2008.1757},
  crossref  = {DBLP:conf/fsttcs/2008},
  bibsource = {DBLP, http://dblp.uni-trier.de}
}

@proceedings{DBLP:conf/fsttcs/2008,
  editor    = {Ramesh Hariharan and
               Madhavan Mukund and
               V. Vinay},
  title     = {IARCS Annual Conference on Foundations of Software Technology
               and Theoretical Computer Science, FSTTCS 2008, December
               9-11, 2008, Bangalore, India},
  booktitle = {FSTTCS},
  publisher = {Schloss Dagstuhl - Leibniz-Zentrum fuer Informatik},
  series    = {LIPIcs},
  volume    = {2},
  year      = {2008},
  bibsource = {DBLP, http://dblp.uni-trier.de}
}


@inproceedings{MaPS07,
  author    = {Sebastian Maneth and
               Thomas Perst and
               Helmut Seidl},
  title     = {Exact {XML} Type Checking in Polynomial Time},
  booktitle = {ICDT},
  year      = {2007},
  pages     = {254-268},
  ee        = {http://dx.doi.org/10.1007/11965893_18},
  crossref  = {DBLP:conf/icdt/2007},
  bibsource = {DBLP, http://dblp.uni-trier.de}
}

@proceedings{DBLP:conf/icdt/2007,
  editor    = {Thomas Schwentick and
               Dan Suciu},
  title     = {Database Theory - ICDT 2007, 11th International Conference,
               Barcelona, Spain, January 10-12, 2007, Proceedings},
  booktitle = {ICDT},
  publisher = {Springer},
  series    = {Lecture Notes in Computer Science},
  volume    = {4353},
  year      = {2007},
  isbn      = {3-540-69269-X},
  bibsource = {DBLP, http://dblp.uni-trier.de}
}

@inproceedings{Maneth02,
  author    = {Sebastian Maneth},
  title     = {The Complexity of Compositions of Deterministic Tree Transducers},
  booktitle = {FSTTCS},
  year      = {2002},
  pages     = {265-276},
  ee        = {http://link.springer.de/link/service/series/0558/bibs/2556/25560265.htm},
  crossref  = {DBLP:conf/fsttcs/2002},
  bibsource = {DBLP, http://dblp.uni-trier.de}
}

@proceedings{DBLP:conf/fsttcs/2002,
  editor    = {Manindra Agrawal and
               Anil Seth},
  title     = {FST TCS 2002: Foundations of Software Technology and Theoretical
               Computer Science, 22nd Conference Kanpur, India, December
               12-14, 2002, Proceedings},
  booktitle = {FSTTCS},
  publisher = {Springer},
  series    = {Lecture Notes in Computer Science},
  volume    = {2556},
  year      = {2002},
  isbn      = {3-540-00225-1},
  bibsource = {DBLP, http://dblp.uni-trier.de}
}



@article{EnVo85,
  author    = {Joost Engelfriet and
               Heiko Vogler},
  title     = {Macro Tree Transducers},
  journal   = {J. Comput. Syst. Sci.},
  volume    = {31},
  number    = {1},
  year      = {1985},
  pages     = {71-146},
  bibsource = {DBLP, http://dblp.uni-trier.de}
}




@inproceedings{Mogensen05,
  author    = {Torben {\AE}. Mogensen},
  title     = {Semi-inversion of Guarded Equations},
  booktitle = {Generative Programming and Component Engineering, 4th International
               Conference, {GPCE} 2005, Tallinn, Estonia, September 29 - October
               1, 2005, Proceedings},
  pages     = {189--204},
  year      = {2005},
  crossref  = {DBLP:conf/gpce/2005},
  url       = {https://doi.org/10.1007/11561347\_14},
  doi       = {10.1007/11561347\_14},
  timestamp = {Tue, 30 May 2017 16:36:52 +0200},
  biburl    = {https://dblp.org/rec/bib/conf/gpce/Mogensen05},
  bibsource = {dblp computer science bibliography, https://dblp.org}
}

@proceedings{DBLP:conf/gpce/2005,
  editor    = {Robert Gl{\"{u}}ck and
               Michael R. Lowry},
  title     = {Generative Programming and Component Engineering, 4th International
               Conference, {GPCE} 2005, Tallinn, Estonia, September 29 - October
               1, 2005, Proceedings},
  series    = {Lecture Notes in Computer Science},
  volume    = {3676},
  publisher = {Springer},
  year      = {2005},
  url       = {https://doi.org/10.1007/11561347},
  doi       = {10.1007/11561347},
  isbn      = {3-540-29138-5},
  timestamp = {Tue, 30 May 2017 16:36:52 +0200},
  biburl    = {https://dblp.org/rec/bib/conf/gpce/2005},
  bibsource = {dblp computer science bibliography, https://dblp.org}
}



@inproceedings{SrivastavaGCF11,
  author    = {Saurabh Srivastava and
               Sumit Gulwani and
               Swarat Chaudhuri and
               Jeffrey S. Foster},
  title     = {Path-based inductive synthesis for program inversion},
  booktitle = {Proceedings of the 32nd {ACM} {SIGPLAN} Conference on Programming
               Language Design and Implementation, {PLDI} 2011, San Jose, CA, USA,
               June 4-8, 2011},
  pages     = {492--503},
  year      = {2011},
  crossref  = {DBLP:conf/pldi/2011},
  url       = {https://doi.org/10.1145/1993498.1993557},
  doi       = {10.1145/1993498.1993557},
  timestamp = {Tue, 06 Nov 2018 16:59:30 +0100},
  biburl    = {https://dblp.org/rec/bib/conf/pldi/SrivastavaGCF11},
  bibsource = {dblp computer science bibliography, https://dblp.org}
}

@proceedings{DBLP:conf/pldi/2011,
  editor    = {Mary W. Hall and
               David A. Padua},
  title     = {Proceedings of the 32nd {ACM} {SIGPLAN} Conference on Programming
               Language Design and Implementation, {PLDI} 2011, San Jose, CA, USA,
               June 4-8, 2011},
  publisher = {{ACM}},
  year      = {2011},
  isbn      = {978-1-4503-0663-8},
  timestamp = {Tue, 07 Jun 2011 16:07:38 +0200},
  biburl    = {https://dblp.org/rec/bib/conf/pldi/2011},
  bibsource = {dblp computer science bibliography, https://dblp.org}
}



@inproceedings{NishidaSS05,
  author    = {Naoki Nishida and
               Masahiko Sakai and
               Toshiki Sakabe},
  title     = {Partial Inversion of Constructor Term Rewriting Systems},
  booktitle = {Term Rewriting and Applications, 16th International Conference, {RTA}
               2005, Nara, Japan, April 19-21, 2005, Proceedings},
  pages     = {264--278},
  year      = {2005},
  crossref  = {DBLP:conf/rta/2005},
  url       = {https://doi.org/10.1007/978-3-540-32033-3\_20},
  doi       = {10.1007/978-3-540-32033-3\_20},
  timestamp = {Tue, 30 May 2017 16:36:53 +0200},
  biburl    = {https://dblp.org/rec/bib/conf/rta/NishidaSS05},
  bibsource = {dblp computer science bibliography, https://dblp.org}
}

@proceedings{DBLP:conf/rta/2005,
  editor    = {J{\"{u}}rgen Giesl},
  title     = {Term Rewriting and Applications, 16th International Conference, {RTA}
               2005, Nara, Japan, April 19-21, 2005, Proceedings},
  series    = {Lecture Notes in Computer Science},
  volume    = {3467},
  publisher = {Springer},
  year      = {2005},
  url       = {https://doi.org/10.1007/b135673},
  doi       = {10.1007/b135673},
  isbn      = {3-540-25596-6},
  timestamp = {Tue, 30 May 2017 16:36:53 +0200},
  biburl    = {https://dblp.org/rec/bib/conf/rta/2005},
  bibsource = {dblp computer science bibliography, https://dblp.org}
}



@inproceedings{MatsudaHNHT07,
  author    = {Kazutaka Matsuda and
               Zhenjiang Hu and
               Keisuke Nakano and
               Makoto Hamana and
               Masato Takeichi},
  title     = {Bidirectionalization transformation based on automatic derivation
               of view complement functions},
  booktitle = {Proceedings of the 12th {ACM} {SIGPLAN} International Conference on
               Functional Programming, {ICFP} 2007, Freiburg, Germany, October 1-3,
               2007},
  pages     = {47--58},
  year      = {2007},
  crossref  = {DBLP:conf/icfp/2007},
  url       = {https://doi.org/10.1145/1291151.1291162},
  doi       = {10.1145/1291151.1291162},
  timestamp = {Tue, 06 Nov 2018 16:59:25 +0100},
  biburl    = {https://dblp.org/rec/bib/conf/icfp/MatsudaHNHT07},
  bibsource = {dblp computer science bibliography, https://dblp.org}
}

@proceedings{DBLP:conf/icfp/2007,
  editor    = {Ralf Hinze and
               Norman Ramsey},
  title     = {Proceedings of the 12th {ACM} {SIGPLAN} International Conference on
               Functional Programming, {ICFP} 2007, Freiburg, Germany, October 1-3,
               2007},
  publisher = {{ACM}},
  year      = {2007},
  url       = {https://dl.acm.org/citation.cfm?id=1291220},
  isbn      = {978-1-59593-815-2},
  timestamp = {Mon, 16 Jul 2018 07:56:24 +0200},
  biburl    = {https://dblp.org/rec/bib/conf/icfp/2007},
  bibsource = {dblp computer science bibliography, https://dblp.org}
}



@inproceedings{Wadler93,
  author    = {Philip Wadler},
  title     = {A Taste of Linear Logic},
  booktitle = {Mathematical Foundations of Computer Science 1993, 18th International
               Symposium, MFCS'93, Gdansk, Poland, August 30 - September 3, 1993,
               Proceedings},
  pages     = {185--210},
  year      = {1993},
  crossref  = {DBLP:conf/mfcs/1993},
  url       = {https://doi.org/10.1007/3-540-57182-5\_12},
  doi       = {10.1007/3-540-57182-5\_12},
  timestamp = {Sat, 20 May 2017 15:32:54 +0200},
  biburl    = {https://dblp.org/rec/bib/conf/mfcs/Wadler93},
  bibsource = {dblp computer science bibliography, https://dblp.org}
}

@proceedings{DBLP:conf/mfcs/1993,
  editor    = {Andrzej M. Borzyszkowski and
               Stefan Sokolowski},
  title     = {Mathematical Foundations of Computer Science 1993, 18th International
               Symposium, MFCS'93, Gdansk, Poland, August 30 - September 3, 1993,
               Proceedings},
  series    = {Lecture Notes in Computer Science},
  volume    = {711},
  publisher = {Springer},
  year      = {1993},
  url       = {https://doi.org/10.1007/3-540-57182-5},
  doi       = {10.1007/3-540-57182-5},
  isbn      = {3-540-57182-5},
  timestamp = {Sat, 20 May 2017 15:32:54 +0200},
  biburl    = {https://dblp.org/rec/bib/conf/mfcs/1993},
  bibsource = {dblp computer science bibliography, https://dblp.org}
}


